2612 4542
184 312 236 364 ici
379 309 509 362 PRIHAE
528 306 729 360 EPISTOLAE
749 307 797 358 AD
817 303 1049 357 uiuorfluuii

1067 432 1242 444 -0——-

523 553 662 628 ciuus
683 549 898 636 QniNruii.

385 689 570 756 sinirnensis.
900 771 903 778 ι
967 708 1078 748 rexrus.

243 848 307 886 rare
327 837 452 886 seniorem
476 847 508 884 ne
534 833 720 894 objurgareris,
736 829 779 879 sed
801 834 829 884 i.
883 844 999 884 erroneus
1022 843 1058 880 ue
1078 829 1244 894 increpave-

242 904 334 955 blande
349 908 374 955 et
385 907 527 954 reverenter
538 902 660 962 admone,
671 903 737 949 sicui
747 899 779 950 11-
884 906 939 969 ris,
955 905 1005 958 sed
1020 905 1138 958 obsecra
1152 913 1182 958 ui
1195 921 1244 972 pa.

180 974 230 1026 iius
250 977 294 1038 qui
317 987 394 1025 suum
409 975 527 1024 admonet
548 974 779 1034 patrem31'uvenes
803 993 886 1049 „em
896 983 1029 1050 juvenes,
1043 986 1071 1035 ur
1084 983 1198 1047 fratrem

180 1043 288 1104 blaudi,
304 1048 332 1094 ui
344 1044 433 1092 iratres
442 1079 449 1103 ‚
459 1043 569 1097 hortare.

211 1111 315 1172 Maiores
327 1115 388 1160 natu
400 1110 518 1159 mulieres
528 1121 620 1169 mone,
632 1111 661 1157 nt
672 1111 764 1158 matres
771 1129 778 1168 ς
835 1106 863 1157 ii.
876 1107 952 1156 huus
970 1107 1000 1156 ut
1011 1106 1131 1164 matres,
1142 1100 1243 1167 juveu-

181 1177 380 1229 adoIesceniuias
400 1178 517 1238 hortare,
541 1181 571 1225 ui
592 1187 705 1236 sorores,
720 1189 779 1226 cunr
802 1183 878 1236 cuias
905 1186 936 1233 ut
962 1193 1089 1243 sorores,
1112 1180 1143 1232 in
1170 1179 1243 1232 omni

182 1251 252 1299 ⁰¹1¹¹¹l
265 1250 382 1311 1111111118·
802 1261 937 1313 castitate.

212 1338 780 1402 11111111111111111111111,11111111-
837 1343 863 1390 5.
895 1336 999 1388 viduos
1024 1335 1153 1400 honore,
1183 1348 1242 1401 quae

180 1411 260 1458 tenta.
802 1416 866 1468 vere
880 1414 969 1466 viduae
990 1419 1064 1465 suut.

212 1589 273 1640 Car.
293 1587 323 1638 V.
336 1593 359 1637 1.
372 1589 509 1646 seniorem,
518 1586 703 1646 sciiieeireiate,
713 1598 765 1635 non
778 1586 955 1646 dignitatemr
971 1583 1084 1634 indicaui
1101 1586 1239 1646 sequentia.

213 1664 248 1712 Ne
269 1664 439 1723 increpaveris
453 1684 462 1713 .·
474 1662 580 1712 verbum
600 1671 710 1722 mecum
728 1659 869 1721 signidem,
892 1661 946 1709 seni
964 1671 997 1709 ne
1016 1659 1118 1722 pingam
1136 1657 1240 1720 inieras,

182 1731 283 1795 plagam
297 1728 391 1781 scilicet
405 1730 557 1789 verborum,
571 1741 624 1779 non
636 1729 780 1778 verberum.

212 1800 240 1852 11
256 1802 309 1860 est,
327 1809 412 1847 senem
422 1808 454 1846 ue
465 1796 650 1858 obJurgavcris3
667 1808 699 1845 ne
710 1795 772 1846 dure
784 1800 809 1846 et
819 1798 912 1846 acriter
926 1798 1071 1846 correxeris.

212 1869 260 1920 Sed
272 1867 379 1929 blande,
390 1866 481 1917 leniter
496 1870 521 1916 ei
536 1879 596 1915 cum
608 1865 691 1928 aliqud
708 1867 855 1916 reverentie
871 1867 931 1917 notri
942 1867 1064 1929 admone,
1076 1868 1145 1917 sicut
1161 1865 1239 1928 iilius,

181 1942 225 2002 qui
240 1951 315 1989 suum
328 1939 425 2000 patrem
436 1929 563 1988 admouet.

211 2007 291 2058 Graue
308 2009 333 2056 ci
348 2005 484 2056 molestum
503 2007 541 2054 est
558 2006 644 2067 argui,
658 2002 768 2054 maxime
787 2001 847 2054 cum
867 2015 942 2054 senex
962 2005 1075 2067 arguitur
1096 2004 1128 2053 nh
1147 2005 1239 2056 adoles

180 2082 267 2139 ceute,
278 2078 315 2128 eii
324 2076 353 2125 ii.
365 2075 566 2138 chrysostomus.

210 2147 268 2196 Heu
284 2143 395 2207 Apostoli
413 2143 521 2192 munitio
541 2140 572 2190 de
590 2139 689 2203 vulgari
712 2154 803 2192 senum
825 2142 980 2203 correptione
998 2139 1162 2203 intelligenda
1180 2146 1236 2192 est:

179 2215 280 2278 quando
291 2217 360 2264 enim
370 2215 526 2274 gravissunt
538 2211 639 2260 illorum
653 2216 756 2274 peccata
770 2215 795 2261 ei
806 2210 950 2262 scandaloso
959 2248 966 2272 ,
976 2213 1142 2274 junioresqne
1158 2211 1190 2260 ad
1203 2215 1238 2260 in-

179 2287 284 2334 teritum
300 2282 440 2340 trahentia,
462 2284 525 2329 iuno
545 2282 637 2328 aeriter
655 2283 715 2328 suut
735 2279 900 2342 increpandi,
920 2284 948 2328 nt
965 2281 1001 2329 ait
1019 2280 1093 2329 divus
1109 2280 1237 2344 Gregorius

179 2353 299 2413 Magnus,
319 2350 469 2400 ianuarium
480 2383 488 2408 ,
498 2349 644 2410 episcopum
661 2359 748 2398 senem
768 2349 910 2410 increpans.
927 2347 1006 2411 Epist.
1020 2353 1049 2409 1,
1066 2348 1084 2398 l.
1099 2351 1130 2410 7,
1151 2350 1237 2400 induc-

178 2423 248 2468 tione
265 2421 288 2467 2.

209 2493 285 2552 Quia,
300 2495 330 2541 ui
347 2493 383 2541 aii
395 2491 424 2541 ii.
440 2489 548 2540 'ihomas
563 2489 623 2550 hic,
639 2502 715 2540 senex
730 2494 830 2554 propter
846 2489 1005 2541 exorientem
1020 2491 1147 2542 malitiam
1159 2493 1236 2556 perdit

180 2561 302 2611 honorem
318 2561 469 2620 senectutis,
486 2565 511 2609 ei
521 2563 584 2608 iuno
599 2559 776 2622 increpandus.

209 2637 330 2692 iuvenes,
345 2641 373 2684 ut
386 2634 486 2697 fratres.

208 2705 240 2754 iit
250 2703 294 2754 hie
303 2703 464 2752 Timotheum
475 2702 585 2752 lenitatis
594 2702 713 2752 admonet
722 2739 729 2762 ‚
738 2705 767 2752 nt
776 2701 873 2752 scilieet
884 2705 962 2754 etatis
973 2702 1083 2754 frenaret
1094 2705 1233 2765 audaciam,

179 2775 262 2836 inquit
275 2773 305 2824 ii.
318 2771 519 2836 Chrysostomus.

207 2863 232 2910 2.
246 2862 315 2911 Acus
327 2865 357 2910 ut
369 2863 469 2910 matres.

206 2927 276 2978 idem
290 2927 346 2977 vuli
365 2931 469 2978 etatum
487 2926 623 2978 discrimen
637 2929 665 2977 in
681 2926 829 2978 mulieribus
840 2928 983 2989 observari,
995 2939 1055 2977 eum
1071 2927 1122 2978 hoe
1135 2929 1231 2990 addito,

177 3001 207 3044 ut
217 2994 413 3047 adolescentulas
426 2995 567 3057 alloquatur
578 3008 638 3044 cum
650 2997 719 3045 omui
732 2999 843 3046 castitate
850 3013 861 3058 ,·

209 3063 323 3124 Scilicet,
333 3065 361 3112 in
377 3064 467 3124 corde,
482 3065 509 3112 in
521 3062 601 3113 oculis
611 3101 618 3125 ,
630 3066 657 3113 in
669 3065 767 3125 uerbis,
782 3068 809 3115 in
822 3071 906 3127 gestu,
919 3069 946 3117 in
962 3067 1046 3118 modo.

205 3137 241 3186 Ne
252 3146 283 3184 ex
292 3130 421 3184 blanditiis
435 3133 611 3192 mortuomari,
625 3133 664 3182 vei
679 3135 767 3184 saliem
777 3138 913 3198 suspicioni
926 3141 1008 3198 neteai
1021 3137 1114 3188 aditus.

205 3206 232 3258 Si
247 3203 296 3254 hoc
307 3201 440 3252 Timotheo
455 3205 583 3266 precipit,
596 3205 736 3254 consideret
747 3207 852 3266 quisque
864 3205 970 3268 qualiter
981 3209 1124 3258 conversari
1138 3207 1229 3265 debeat,

175 3288 208 3326 ne
223 3273 340 3325 umbram
354 3273 458 3334 quidem
471 3275 609 3323 occasionis
621 3272 770 3324 columniari
783 3275 924 3326 volentibus
940 3275 997 3335 det,
1012 3278 1048 3326 ait
1060 3276 1090 3326 D.
1106 3277 1227 3338 chrysost.

204 3345 258 3395 lino
270 3343 337 3393 enim
349 3339 498 3394 mulieribus
509 3341 620 3391 cavenda
631 3347 691 3393 suni
701 3346 824 3403 extrema,
839 3343 947 3403 scilicet,
961 3343 1097 3394 indiscreta
1112 3347 1227 3403 durities,

175 3418 199 3462 ei
218 3414 297 3462 nimia
311 3408 439 3460 mollities.

204 3481 324 3531 infirmus
332 3483 370 3530 est
386 3493 472 3541 sexus3
483 3491 516 3530 ne
527 3482 561 3530 sis
572 3491 630 3540 ergo
646 3480 732 3530 durior
745 3497 752 3530 r

204 3552 236 3598 iit
251 3551 331 3612 magis
344 3548 445 3598 infirma
460 3561 536 3610 caro;
549 3551 627 3599 neeis
643 3561 700 3610 ergo
714 3548 837 3600 blandior.

203 3617 268 3667 itine
279 3631 338 3668 eum
352 3617 497 3667 omnimodi
513 3619 641 3677 castitate,
657 3619 756 3668 interni
772 3623 797 3666 ei
807 3619 922 3672 externi.
938 3619 1139 3670 conversandum
1148 3639 1155 3680 ς
1167 3631 1226 3682 prse-

177 3685 286 3736 cuvendo
297 3687 373 3734 etiem
387 3698 433 3745 ne,
450 3684 489 3735 rel
506 3686 537 3734 uh
548 3690 660 3748 tempus,
677 3685 762 3734 veleb
781 3685 881 3747 locum,
897 3687 992 3735 orietur
1007 3689 1127 3748 suspicio.

205 3769 229 3816 ³.
242 3763 336 3814 Viduas
348 3765 461 3826 honoro,
479 3779 533 3828 quie
545 3765 601 3816 ceri
617 3767 704 3816 vidore
721 3771 787 3816 suat.

208 3839 302 3888 Viduas
313 3851 368 3900 cuc
381 3839 450 3899 ceri,
463 3845 488 3890 et
499 3838 639 3890 secuudum
651 3841 762 3889 nominis
776 3839 964 3904 etymologiam,
976 3841 1060 3893 cidon
1070 3849 1137 3902 sunt,
1146 3841 1171 3892 11
1181 3844 1225 3900 esi,

177 3906 304 3967 dssohiae,
321 3920 347 3956 n.
363 3909 386 3956 5.
401 3921 444 3958 seu
454 3909 485 3958 oh
497 3912 565 3958 omni
579 3908 672 3958 anxilio
683 3909 823 3973 destitutae;

205 3981 327 4044 discors,
339 3977 364 4030 ii
380 3985 434 4043 cst,
450 3980 506 4044 oie,
517 3985 647 4043 sustenta,
663 3982 763 4044 adjura.
