2612 4542
260 329 428 392 uutbtux
450 341 671 397 expositio.
690 343 773 398 utu.
795 345 853 399 lli.
1033 346 1085 400 itt-t

53 427 166 493 peccatis,
180 443 242 498 qute
261 431 400 488 ducuntur
415 447 467 488 va·
489 436 525 485 ito
540 437 588 488 sibl
599 431 697 487 iaciunt
713 437 847 498 obnoxias,
859 437 968 500 utqnasi
977 439 1087 502 captivat

52 506 88 560 riis
96 505 248 562 desideriis:
488 505 616 557 obducant
636 507 788 570 quocunque
812 506 952 569 voluerint,
979 511 1087 570 peeontit

245 591 248 598 ¹
488 577 1088 658 oneratasotvariiscircumactasconcupiscen-

77 710 98 760 l.
119 710 226 777 Semper
254 707 407 776 discentes,
439 717 467 764 et
488 647 621 775 tli{emper
634 713 746 764 discendi
765 713 884 776 cupidas,
898 714 1088 776 sedquenun·

52 797 171 851 nunquam
187 787 222 840 ad
234 787 379 841 scientiam
393 789 466 841 veri.
487 795 565 846 quam
575 783 607 832 ad
619 785 732 834 veritatis
741 785 874 834 scientiam
886 786 1048 848 perveniunt

52 865 99 915 tatis
108 867 304 930 pervenientes.

75 943 96 995 8.
115 944 349 1005 Quemadmodum
372 949 465 1000 autem
518 946 591 997 Siout
609 950 694 998 autem
713 946 781 1008 magi
798 943 892 997 iannes
916 949 941 996 et
965 945 1088 996 ilambrer

52 1023 130 1074 tannes
151 1027 177 1076 et
196 1025 333 1080 mambres
354 1025 466 1078 restite.
488 1015 578 1064 diuinm
596 1013 687 1076 iloysis
702 1015 818 1077 potestati
830 1016 1036 1076 restiterunt,tta
1050 1015 1086 1066 illi

30 1087 34 1100 ’
51 1101 100 1148 ,um
108 1099 186 1166 Moysi
197 1101 247 1154 ,sta
256 1102 322 1155 ethi
334 1103 467 1156 resistunt
490 1096 557 1132 nuno
566 1082 715 1144 evangelicae
723 1084 843 1132 resistunt
851 1084 1087 1141 ueritetlebomtnet

52 1171 149 1240 vespm,
179 1175 309 1230 homines
342 1177 465 1244 corrupti
488 1151 1085 1216 menteetcordecorruptl‚etideocircatidem

52 1255 136 1316 meme,
148 1254 258 1320 reprobi
271 1255 347 1308 circa
363 1254 464 1321 iidem3
489 1223 610 1271 errantes.

52 1448 102 1487 nen
118 1445 361 1504 premereiment
375 1443 408 1495 ab
427 1444 489 1507 ipsis
511 1453 599 1492 earnm
618 1443 758 1504 magistris,
772 1441 817 1504 qui
831 1453 873 1490 eas
892 1441 945 1492 suis
961 1441 1087 1492 erroribus
1137 1415 1139 1421 Α

52 1520 60 1552 t
192 1544 199 1560 .

51 1514 207 1700 bjiriffitereuffin
228 1597 258 1636 ex
273 1585 379 1650 epistoit'
391 1587 427 1638 ed
445 1585 548 1649 iiirrm,
560 1584 627 1648 quod
642 1585 763 1636 doctrinis
778 1583 848 1636 iaicis
859 1583 946 1636 domos
959 1584 1087 1636 subverte·

72 1657 376 1793 giliciaspemleiiplsiszldum
395 1717 525 1782 Christum
539 1730 656 1796 prolessae
664 1765 671 1792 ,
683 1732 763 1781 vitam
782 1732 887 1794 egerunt
902 1743 954 1780 non
971 1729 1101 1782 christia-a

51 1794 156 1853 named
172 1809 296 1860 paganam
310 1801 336 1848 et
352 1797 491 1850 carnalem.

74 1874 121 1932 due
144 1877 299 1944 ducentum..
314 1879 357 1930 Gr.
377 1883 446 1929 actas
464 1881 593 1930 desideriis
608 1881 701 1936 curiis,
717 1878 808 1939 idest,
825 1881 903 1930 variis
919 1882 1086 1930 circumactae

52 1947 249 2008 concupiscentiis:
261 1952 375 2011 aguntur
385 1953 507 2010 tanquam
518 1949 598 1998 brutae
610 1985 617 2010 ‚
628 1950 665 1998 ait
675 1948 885 2010 Tbeopbyiaoius.

72 2011 106 2062 llis
117 2017 141 2065 ln
150 2019 230 2068 uerbis
242 2023 305 2069 nota
318 2018 379 2068 duo.

71 2080 180 2148 Primum,
199 2101 260 2138 cum
280 2087 309 2138 b.
329 2087 500 2152 Hieronymo,
522 2087 589 2149 quod
607 2099 651 2150 per
671 2085 789 2136 mulieres
808 2089 940 2148 propagari
956 2091 1085 2148 ceperunt

51 2161 116 2204 ornnes
128 2153 243 2220 hareses,
255 2159 331 2220 epist.
343 2158 377 2207 ad
390 2158 501 2222 Ctesipb.
516 2162 579 2207 tom.
594 2160 609 2206 2
620 2177 627 2218 ;
645 2159 737 2207 citatur
748 2159 763 2205 ri
774 2155 889 2206 Cornelio
900 2157 914 2206 i
926 2157 1027 2220 Lepide.

60 2218 210 2296 ¹Secundum,
228 2241 290 2277 curn
304 2226 489 2292 'theophylacto
500 2264 507 2288 ,
520 2226 588 2290 quod
603 2225 742 2276 mulierum
758 2225 791 2275 sit
803 2225 899 2292 decipi,
910 2229 937 2276 ai
947 2229 1085 2291 presertim

51 2298 65 2332 tr
75 2294 167 2350 peccatis
182 2297 233 2345 sint
247 2300 368 2346 oneratae.

71 2355 107 2416 tiui
116 2363 177 2412 enirn
190 2363 289 2414 nullius
302 2365 350 2414 sibi
365 2363 425 2414 boni
443 2365 560 2416 conscius
574 2368 612 2416 est
619 2399 626 2426 ,
638 2367 722 2430 pravis
733 2364 877 2415 doctoribus
895 2365 945 2416 cltb
957 2363 1085 2432 obtempo-

50 2429 346 2497 matuheophylaetus.

70 2527 190 2592 bdenper
205 2531 353 2582 discentes...
370 2531 443 2582 Patet·
456 2543 486 2580 ex
497 2531 582 2583 Groeco
595 2531 663 2592 quod
674 2530 705 2580 de
718 2531 867 2582 mulieribus
878 2531 905 2580 ld
916 2531 1022 2580 dicatur.

73 2592 159 2660 Semper
172 2600 287 2652 discendi
309 2601 431 2666 cupidos,
449 2613 567 2664 seuque
584 2613 682 2663 semper
699 2600 799 2662 fingunt
817 2613 844 2650 se
861 2600 924 2650 velle
946 2602 1038 2650 instrui
1060 2604 1086 2650 et

49 2659 115 2715 salutis
122 2670 185 2720 viam
193 2671 333 2731 addiscere,
346 2671 390 2722 sed
400 2681 457 2732 qum
469 2682 602 2731 nunquam
612 2670 644 2719 ad
654 2672 768 2720 veritatis
779 2671 913 2719 solentiam
924 2671 1084 2732 perveniunt.

69 2730 118 2790 tillir
130 2740 249 2792 nimirum
259 2743 370 2803 pcccatis
381 2741 477 2790 obruiae
493 2745 519 2788 et
531 2741 607 2788 variis
621 2738 800 2800 cupiditatibus
813 2742 886 2787 uetat.

69 2798 119 2852 Hinc
133 2807 230 2860 illarum
245 2821 321 2858 mens
333 2812 455 2859 excaecato
469 2811 506 2857 esi
516 2845 523 2868 ,
535 2811 571 2856 ult
583 2805 792 2867 theophylactus.

69 2868 120 2922 lddl
134 2880 248 2938 potestat
263 2880 322 2940 quia
338 2878 452 2930 falsarios
466 2879 491 2926 ei
502 2887 604 2926 errones
616 2873 772 2928 consulunt..

69 2959 88 3004 8.
100 2961 308 3028 Quemadmodum
326 2971 409 3017 autem
427 2967 548 3016 duanae...

69 3023 123 3079 Solet
135 3045 192 3085 cum
207 3034 337 3085 frumento
349 3037 419 3085 nasci
431 3035 538 3087 lolium.

68 3093 794 3166 Adversarlossemperbabueruntpnedicaioresveritatis.
1152 3159 1159 3167 ⁸

68 3161 120 3243 ituit
129 3169 207 3233 iloyso
217 3175 246 3222 in
258 3174 351 3234 pietate
363 3171 541 3226 iilustnaseet
551 3176 638 3222 tamen
651 3171 693 3221 lile
703 3172 793 3221 babuit
803 3174 1083 3237 uiros‘praestiglatoree

47 3239 78 3287 pur
88 3239 178 3288 veritati
191 3241 279 3304 operte
293 3241 475 3304 repugnabant.
490 3243 669 3292 theodoretus.

68 3313 145 3368 tennes
161 3327 182 3370 et
197 3324 341 3382 liambres,
360 3323 411 3372 duo
430 3324 551 3386 precipui
571 3336 702 3386 magorum
715 3324 869 3384 Pharaonis,
883 3327 926 3385 qul
946 3327 973 3373 in
985 3325 1084 3375 Exodo:

47 3389 130 3503 {3anss
143 3402 169 3439 n.
187 3394 229 3453 ti,
247 3397 385 3444 narrentur
399 3393 520 3456 restitisse
532 3391 611 3455 Moysi
621 3429 628 3454 ,
640 3396 665 3440 et
680 3404 741 3442 cum
757 3404 786 3442 eo
799 3393 906 3441 sortisse
920 3393 947 3440 in
963 3397 1085 3454 portentis
1160 3461 1164 3466 .

68 3515 96 3566 b..
106 3489 192 3576 Penius
211 3539 301 3580 eorum
316 3531 428 3580 nomina
441 3529 530 3580 didicit
543 3529 584 3580 rel
603 3541 634 3580 ex
649 3529 800 3590 traditione,
814 3527 855 3578 rel
873 3541 904 3578 ex
915 3528 1066 3580 revelatione
1074 3551 1082 3592 ;

46 3583 118 3639 nullbl
129 3599 195 3646 enirn
206 3599 233 3646 in
245 3599 373 3662 Scriptura
385 3601 560 3649 nominantur.

68 3671 170 3731 Homines
183 3690 268 3735 mente
280 3679 394 3749 corrupti
399 3723 408 3745 ‚
422 3685 503 3736 idest
515 3721 522 3746 ,
533 3685 827 3748 qui-mentistuuleium
843 3685 940 3735 vitiosis
953 3683 1085 3740 dilectibus

46 3747 172 3808 corruptum
181 3752 284 3804 babent.

68 3809 122 3865 lilnc
133 3821 196 3872 eirca
208 3823 285 3874 tidem
299 3828 392 3874 erraat'.

68 3877 200 3951 deprimo,
212 3892 351 3941 secundnm
364 3910 371 3940 ι
382 3905 412 3943 ox
430 3893 512 3942 cordis
528 3891 706 3953 corruptione,
718 3889 775 3939 tidei
792 3889 960 3953 naufragium:

48 3946 128 4063 laeliene
145 3956 289 4028 incorrupte
306 3959 383 4014 iidem
402 3961 533 4025 admittit,
551 3961 669 4024 corrupta
689 3958 749 4012 verb
766 3959 880 4024 respuit,
897 3961 935 4012 ait
949 3960 1083 4028 'theopha-

87 4029 121 4070 uso
275 4065 277 4072 .
638 4055 641 4060 '

166 4106 205 4149 ιιι.
295 4083 297 4088 ’
801 4080 804 4086 ’
868 4079 871 4090 ’
912 4103 936 4153 7*
