2612 4542
203 289 257 340 154
380 288 565 342 SECUNDAE
584 286 850 342 aristobuli]
869 283 1100 340 rtuorhabtt

233 380 320 443 ltaqm
330 391 363 432 ua
374 386 400 431 to
412 382 506 444 pudeat
518 382 611 432 Christi
627 380 738 432 crucifixi
753 381 801 430 bo
859 383 886 434 tl.
903 381 964 434 Noli
985 381 1080 447 itaque
1100 375 1262 432 erubescere

202 449 268 498 mini
280 451 433 509 uostri,ncc
444 454 469 498 ia
481 448 574 512 pudeat
589 448 800 511 mebejusgmtia
824 458 1013 513 testimonium
1030 454 1141 510 pomini
1159 454 1261 518 nostri,

203 517 304 576 rincti3
320 515 364 566 sed
382 520 411 566 tu
431 518 484 578 ipse
504 515 641 568 collabora·
648 529 750 566 meeum
773 518 800 564 lu
823 549 915 602 neque
927 549 972 588 me
987 536 1109 588 vinctum
1121 531 1203 598 ejus,
1219 531 1260 584 sed

203 583 669 662 Evangeliopraefficaudo,seeundum
677 586 744 634 vires
753 584 800 634 tibi
823 611 962 665 collabora
981 609 1145 678 EvangeliO,
1163 621 1261 662 secun.

203 649 377 711 11111191ον
823 689 1106 753 oumvmuumner,

233 861 267 910 at
277 858 433 919 sobrietatis,
446 872 490 910 seu
500 859 695 922 moderationis,
706 862 756 925 qud
765 867 909 914 constanter
918 864 944 912 et
954 863 1040 912 animo
1049 860 1188 923 tranquillo
1202 859 1259 911 lera-

202 940 262 978 mus
271 928 389 988 aduersa,
401 933 425 978 et
438 941 556 992 prospera
567 929 694 981 moderate
705 934 872 996 recipiamus,
884 935 970 994 eisque
982 935 1086 982 utamur
1097 930 1191 980 sobrib.

234 1015 393 1066 0nsaavrrro
411 1015 668 1080 nonius-Triplex
680 1017 720 1068 his
730 1021 757 1069 in
777 1021 860 1070 verbis
873 1023 976 1070 notatur
987 1019 1163 1080 cpiscoporum
1175 1018 1258 1067 virtus.

233 1084 335 1143 Prima,
348 1083 468 1134 fortitudo
478 1122 485 1145 ,
497 1081 607 1146 δύναμις,
621 1089 715 1148 virtus,
732 1091 859 1150 potentia,
871 1089 964 1148 robur,
976 1089 1060 1148 rigor,
1069 1087 1152 1134 uirtus
1166 1097 1196 1134 ex
1205 1085 1257 1135 olto.

233 1153 351 1216 Episcopi
362 1153 562 1205 Christianorum
574 1154 651 1205 duces
664 1161 743 1217 sunt,
756 1169 801 1206 seu
817 1156 962 1207 christiana
973 1154 1069 1204 militia
1080 1153 1166 1204 duces.

233 1221 297 1272 ilinc
311 1224 396 1283 vigore
409 1221 483 1284 pleno
495 1223 586 1273 debent
595 1236 669 1287 agere
678 1262 686 1284 ,
696 1225 733 1274 ait
749 1224 823 1276 dirus
836 1225 985 1288 Cyprianus.

232 1287 363 1340 Fortitudo
373 1292 409 1340 eis
421 1293 573 1352 necessaria,
585 1293 726 1354 quibust
743 1293 859 1344 Ecclesia
872 1294 956 1343 hostes
967 1295 1125 1355 impugnent.

234 1359 367 1420 Secunda,
389 1359 499 1409 charitas
520 1379 527 1409 r
549 1360 642 1410 Christi
661 1365 721 1410 sunt
736 1363 953 1422 repraesentatores
963 1380 971 1422 ;
990 1363 1057 1410 sicut
1072 1373 1131 1422 ergo
1151 1359 1257 1411 Christus

148 1429 151 1435 ‘
202 1426 308 1490 glottam
318 1428 368 1477 ileo
382 1430 410 1478 in
423 1429 542 1479 omnibus
552 1431 685 1491 quesivit,
697 1433 722 1478 et
736 1442 782 1492 pro
793 1429 904 1480 Ecclesia
917 1433 1026 1480 mortem
1038 1429 1149 1490 subivit,
1161 1431 1198 1480 sic
1213 1433 1257 1493 epi-

203 1511 295 1559 scopus
305 1510 358 1547 nou
369 1509 414 1547 sua
421 1534 430 1560 ,
441 1497 485 1547 sed
500 1511 557 1560 qum
572 1497 616 1547 llei
630 1502 655 1548 et
666 1497 785 1549 Ecclesia
797 1502 873 1559 sunt,
887 1502 914 1548 et
926 1499 1049 1550 charitate
1060 1497 1134 1549 debat
1145 1510 1255 1562 quarere.

232 1568 330 1628 Tertia,
344 1568 480 1628 sobrietas,
497 1567 668 1629 σωφρονισμὸς,
689 1567 827 1618 moderatio
838 1605 845 1630 ,
855 1569 1000 1620 refrenatio.

234 1636 335 1686 saulieu
348 1637 441 1685 menits
451 1639 476 1684 et
486 1638 594 1697 animm,
605 1639 641 1687 ait
653 1637 682 1686 D.
695 1637 896 1700 chrysostomus.

233 1704 386 1766 (instigatio,
399 1706 436 1753 ait
446 1704 632 1765 Theodoretus,
648 1705 865 1768 Theophylaetus,
877 1710 902 1757 et
917 1708 995 1758 etiam
1007 1706 1208 1770 chrysostomus.

232 1774 391 1835 Admonitio,
403 1776 439 1824 ait
451 1776 549 1836 syriaca
562 1777 653 1826 versio.

232 1843 345 1906 intellige
360 1855 417 1906 ergo
432 1844 593 1894 sobrietatem
603 1858 655 1895 non
669 1847 697 1895 in
709 1845 765 1897 cibo
775 1845 893 1906 iantbm,
904 1845 948 1896 sed
962 1847 1100 1910 quamdam
1114 1847 1254 1910 aeouunimi»

201 1916 281 1964 tatem
297 1917 322 1962 et
334 1915 413 1962 animi
425 1912 622 1964 moderationem
633 1917 686 1964 tam
696 1915 724 1964 iu
736 1913 847 1965 adversis
857 1915 934 1976 quam
945 1918 973 1964 in
983 1918 1126 1978 prosperis;

232 1983 298 2044 seu,
314 1985 435 2032 virtutem
453 1983 539 2032 omnia
552 1983 631 2034 nimia
653 1987 678 2032 ct
692 1985 828 2036 immodica
838 2020 846 2045 ,
857 1989 911 2035 ianr
926 1985 955 2034 tn
965 1986 1047 2048 seipso
1061 1985 1139 2047 quam
1151 1985 1178 2035 in
1188 1981 1251 2044 aliie,

198 2053 387 2113 moderantem,
401 2050 584 2113 relrenaniom,
597 2055 769 2116 castigantem.

228 2123 367 2185 Episcopus
378 2125 416 2170 est
424 2121 461 2172 sal
470 2126 557 2184 terraep
568 2125 603 2172 iia
614 2123 648 2172 sit
658 2126 767 2188 sapiens,
780 2127 808 2174 ut
818 2128 843 2174 et
853 2123 917 2175 alios
930 2135 1017 2190 sapere
1028 2121 1114 2186 laetat,
1126 2133 1252 2186 eorumque

202 2196 274 2242 sanet
288 2191 455 2254 incipiendus.

232 2290 256 2334 8.
268 2283 423 2348 horreoque
436 2283 576 2336 erubescere
589 2286 785 2336 testimouium...
798 2285 843 2336 Gr.
858 2285 996 2347 euprepes.

230 2359 261 2409 b.
276 2357 470 2421 Chrysostcmus
482 2370 584 2408 crucem
600 2362 626 2409 at
642 2363 750 2409 mortem
767 2359 860 2409 Christi
877 2359 977 2408 Domini
988 2355 1118 2418 iutelligit·

229 2429 306 2492 Quasi
313 2430 408 2480 diceret
415 2429 547 2493 Apostolus
556 2448 564 2481 e
573 2431 609 2480 Ne
617 2434 642 2480 te
651 2431 743 2494 pudeat
751 2431 865 2493 martyrii
873 2467 882 2490 ,
890 2443 935 2480 seu
946 2431 1048 2488 mortis,
1058 2441 1137 2490 quarn
1148 2429 1174 2478 in
1184 2436 1249 2476 eruco

184 2500 278 2550 -sublit
290 2498 412 2548 hominus
428 2501 514 2548 noster
533 2498 605 2548 iesus
619 2499 750 2560 Christus,
766 2503 791 2548 et
806 2511 943 2560 quosaam
958 2499 1100 2560 obsignarit
1110 2496 1248 2549 doctrinam.
1297 2515 1298 2520 ¹

230 2568 344 2629 Plerique
355 2569 525 2616 communiter
535 2567 679 2630 intelligunt
691 2585 697 2617 =

232 2637 267 2686 Ne
283 2639 308 2685 te
318 2635 410 2697 pudeat
424 2635 598 2685 testimonium
610 2636 713 2686 reddere
725 2634 756 2685 da
766 2634 874 2686 homino
883 2639 969 2686 nostro
978 2635 1036 2684 lesu
1046 2633 1161 2693 Christo,
1173 2631 1198 2682 id
1209 2633 1247 2686 esi,

199 2707 272 2760 illum
286 2705 437 2767 praedicare,
453 2703 525 2753 illum
544 2704 681 2754 bominum
699 2707 773 2753 tunm
791 2703 919 2766 proritari,
932 2703 992 2752 licet
1003 2703 1168 2764 crucifixum,
1181 2705 1204 2751 et
1213 2710 1247 2748 me

199 2783 272 2828 tuum
285 2775 433 2835 magistrum
449 2785 599 2835 agnoscere,
610 2774 669 2824 lieet
684 2773 778 2823 Christi
797 2774 874 2823 causa
887 2775 1013 2823 vinctum.

228 2845 311 2894 Potest
324 2847 350 2892 et
364 2856 409 2906 per
422 2847 573 2906 martyrium
588 2843 694 2906 intelligi
715 2842 895 2906 Evangelium,
909 2841 977 2906 quod
992 2845 1030 2891 est
1040 2841 1210 2896 testimouium
1220 2835 1245 2885 dr

199 2912 306 2962 Christo.

231 2991 281 3040 Sed
293 2991 432 3040 collabora.
445 2991 475 3041 G.
485 2988 698 3047 enumeratam,
709 2989 858 3052 coeffligare.

230 3061 277 3109 Per
292 3061 487 3122 prosopopciam
497 3096 505 3119 ,
516 3058 566 3119 qud
577 3070 665 3108 sensus
678 3059 812 3121 Evangelio
822 3061 943 3112 tribuitur
955 3081 963 3110 e

227 3127 355 3191 Particeps
365 3132 418 3176 esto
431 3129 577 3190 passionum
587 3130 613 3176 at
627 3131 829 3188 persecutionum
841 3142 904 3190 quos
913 3131 1007 3192 patitur
1021 3126 1192 3189 Euangeliou,

228 3197 331 3258 ltaque,
343 3194 466 3257 explicata
476 3198 503 3245 in
514 3207 589 3245 versu
604 3197 727 3257 superiori
739 3197 834 3246 ordinis
847 3198 995 3262 episcopalis
1006 3197 1086 3260 gratia
1097 3195 1244 3248 Timotheum

197 3269 313 3318 hortatur
326 3263 358 3313 ad
373 3262 441 3314 iilius
458 3266 543 3326 gratim
555 3276 644 3322 usnm;
654 3265 726 3324 quasi
738 3263 848 3315 dicerete

228 3336 293 3387 Cdm
306 3333 382 3384 talem
395 3337 422 3384 iu
434 3334 592 3385 ordinatione
604 3333 649 3382 tub
658 3336 776 3396 spiritum
791 3336 932 3398 acceperis,
944 3333 1041 3384 seihcet
1051 3335 1168 3391 uirtutis,
1178 3327 1242 3381 ditec-

199 3405 275 3456 tionis
285 3411 308 3455 et
317 3404 476 3462 sobrietatis,
490 3411 544 3462 ete„
561 3401 605 3453 illo
615 3408 685 3453 utere
696 3404 796 3466 spiritu,

227 3475 323 3537 Spiritu
335 3472 437 3534 quidem
448 3473 611 3522 tortitudinis.

227 3545 262 3594 h‘c
271 3547 296 3592 io
307 3542 401 3604 pudeat
413 3540 506 3594 Christi
523 3540 636 3592 cruclllxi
652 3539 817 3602 Euangelium
836 3541 987 3605 predicare,
1000 3552 1110 3605 cumque
1119 3537 1242 3590 bominum

196 3620 271 3664 tuum
300 3611 403 3663 rotlieri.
1293 3619 1294 3638 ¹

223 3682 273 3730 Nec
283 3623 310 3728 {a
318 3680 411 3741 pudeat
421 3691 463 3728 mc
474 3680 553 3740 ipsius
568 3679 643 3729 causi
655 3681 771 3740 vinctum
781 3690 916 3740 agnoscere
931 3680 1092 3742 magistrum.
1293 3639 1294 3721 l

226 3749 321 3809 Spiritu
331 3747 391 3797 verb
400 3746 542 3797 dilectionis
553 3751 578 3797 at
589 3747 747 3810 sobrietatis,
1218 3808 1223 3818 Ι

223 3816 261 3865 Tu
273 3817 324 3876 ipsc
334 3815 430 3865 fortiter
446 3815 583 3878 collabora,
599 3821 624 3866 et
639 3821 783 3867 constanter
794 3828 896 3868 mecum
912 3817 1066 3879 ecallligere,
1078 3819 1105 3866 in
1119 3805 1239 3872 pffingcho

197 3881 354 3949 predicando
366 3886 392 3933 at
402 3884 586 3945 promovendo,
597 3885 721 3947 quantum
732 3887 834 3948 poteris.

228 3955 370 4017 §reaudire
384 3958 501 4008 virtutem
510 3959 568 4019 hei,
577 3959 717 4009 seeundum
726 3963 792 4014 eires
807 3960 823 4010 d
836 3959 886 4012 lleo
896 3961 942 4022 tibi
955 3959 1027 4014 datas
1038 3961 1066 4012 in
1079 3955 1237 4016 ordinatione,

1285 4331 1291 4520 i
