2622 4552
199 291 252 341 526
494 285 696 340 EPISTOLAE
715 287 764 340 tn
781 285 972 340 HEBRAEOS

200 387 294 451 typico
314 397 447 450 pecorum
464 383 618 450 sanguine,
636 397 686 435 seu
703 381 803 436 christi
824 383 972 450 Sanguinis
991 383 1187 458 praefigurativo
1203 385 1246 439 init

199 469 351 532 sancitum
369 481 472 521 novum
490 468 572 529 vero,
587 465 653 532 quia
670 478 784 529 verum,
797 479 862 520 vero
881 465 982 520 Christi
1000 469 1139 534 Sanguine
1156 471 1246 522 contir-

198 561 313 606 matum.

235 637 338 703 Typioa
350 651 416 703 ergo
432 637 526 704 typico
537 636 673 703 sanguine
687 634 849 689 mundanda
859 633 972 689 suerunt
986 637 1158 703 :spiritualia
1174 639 1245 700 verri,

197 721 317 774 coelestia
330 727 358 774 et
369 720 480 784 divina,
493 733 575 784 vero,
586 719 692 773 ooeiesti
703 725 731 774 et
743 719 838 772 divino
850 719 950 774 Christi
966 721 1108 788 Sanguine
1119 722 1244 774 mundata.

232 805 259 868 i.
275 807 311 856 ΞΛ
329 809 357 856 et
375 802 557 870 sequentibus
571 802 689 868 explicat
708 815 773 869 qnae
785 802 841 856 sint
852 803 952 857 Sancta
964 810 1144 868 sanctorum,
1156 804 1182 855 in
1196 817 1246 870 qua

198 886 325 940 christus
337 885 463 953 pontifex
480 890 576 938 noster
588 885 724 949 introivit,
736 885 840 939 scilieet
854 887 955 939 eoelum
966 887 1069 954 ipsum.

232 969 274 1022 Ad
290 968 418 1036 quidtnt
430 966 565 1020 continue
579 971 656 1034 gerat
672 981 723 1035 pro
743 967 824 1021 nobis
838 967 960 1021 officium
972 970 1132 1035 pontificis,
1145 984 1198 1022 non
1213 970 1246 1022 sui

197 1054 324 1106 sacrificii
337 1051 528 1114 reiteratione,
550 1051 601 1104 sed
620 1051 753 1104 continua
772 1050 871 1104 hostiae
890 1052 975 1104 semel
989 1053 1090 1106 obiatae
1108 1067 1246 1120 represen-

196 1137 310 1189 tatione.
613 1132 617 1140 “

230 1219 355 1273 Christus
365 1220 440 1272 eninr
452 1218 576 1285 pontifex
587 1225 685 1271 noster
694 1219 722 1270 in
736 1219 883 1285 sanguine,
895 1231 951 1272 non
964 1219 1065 1284 aiieno,
1077 1221 1131 1274 sed
1138 1222 1244 1288 proprio,

196 1303 282 1355 litavit
294 1303 394 1367 semei,
405 1301 434 1353 in
446 1301 501 1354 fine
511 1306 685 1368 temporum,
697 1301 736 1353 ad
747 1300 927 1354 ebotitionern
936 1303 1060 1367 poeonti3
1075 1304 1127 1356 sed
1137 1305 1245 1357 eamden

195 1385 336 1462 victimam
348 1397 444 1438 eoram
455 1387 513 1438 lteo
526 1385 598 1437 sistit
609 1384 638 1436 in
650 1388 796 1436 arternum.

231 1471 339 1522 Rursus
357 1467 488 1534 equidem
509 1465 673 1533 apparebit,
689 1477 748 1519 non
761 1471 793 1518 ut
811 1465 917 1533 hostia,
933 1468 983 1522 sed
999 1475 1031 1521 nt
1042 1469 1161 1537 justitia,
1174 1472 1245 1523 bonos

197 1551 361 1618 piraniana,
374 1550 517 1617 improbos
534 1551 680 1602 damnans.
