<?xml version="1.0" encoding="UTF-8"?>
<!DOCTYPE html PUBLIC "-//W3C//DTD XHTML 1.0 Transitional//EN"
    "http://www.w3.org/TR/xhtml1/DTD/xhtml1-transitional.dtd">
<html xmlns="http://www.w3.org/1999/xhtml" xml:lang="en" lang="en">
 <head>
  <title>
</title>
<meta http-equiv="Content-Type" content="text/html;charset=utf-8" />
  <meta name='ocr-system' content='tesseract 3.04.00' />
  <meta name='ocr-capabilities' content='ocr_page ocr_carea ocr_par ocr_line ocrx_word'/>
</head>
<body>
  <div class='ocr_page' id='page_1' title='image "./epistolarumbpau02berngoog_0054.png"; bbox 0 0 2670 4542; ppageno 0'>
   <div class='ocr_carea' id='block_1_1' title="bbox 79 279 1127 1606">
    <p class='ocr_par' dir='ltr' id='par_1_1' title="bbox 79 279 1127 1606">
     <span class='ocr_line' id='line_1_1' title="bbox 299 279 1123 337; baseline -0.005 -3"><span class='ocrx_word' id='word_1_1' title='bbox 299 279 474 336; x_wconf 70' lang='lat' dir='ltr'><strong>rnlhnax</strong></span> <span class='ocrx_word' id='word_1_2' title='bbox 491 281 717 337; x_wconf 72' lang='lat' dir='ltr'><strong>Exrosrrlo.</strong></span> <span class='ocrx_word' id='word_1_3' title='bbox 737 283 817 336; x_wconf 75' lang='lat' dir='ltr'><strong>car.</strong></span> <span class='ocrx_word' id='word_1_4' title='bbox 837 285 892 336; x_wconf 84' lang='lat'>111.</span> <span class='ocrx_word' id='word_1_5' title='bbox 1087 279 1123 330; x_wconf 76' lang='lat' dir='ltr'><strong>aa</strong></span> 
     </span>
     <span class='ocr_line' id='line_1_2' title="bbox 111 371 1120 456; baseline -0.001 -18"><span class='ocrx_word' id='word_1_6' title='bbox 111 371 262 455; x_wconf 83' lang='lat' dir='ltr'><strong>lamverd,</strong></span> <span class='ocrx_word' id='word_1_7' title='bbox 277 376 359 440; x_wconf 91' lang='lat' dir='ltr'><strong>circa</strong></span> <span class='ocrx_word' id='word_1_8' title='bbox 382 381 506 456; x_wconf 90' lang='lat' dir='ltr'><strong>tempus</strong></span> <span class='ocrx_word' id='word_1_9' title='bbox 525 377 627 454; x_wconf 83' lang='lat' dir='ltr'><strong>major</strong></span> <span class='ocrx_word' id='word_1_10' title='bbox 645 378 694 439; x_wconf 87' lang='lat' dir='ltr'><strong>est</strong></span> <span class='ocrx_word' id='word_1_11' title='bbox 714 375 796 455; x_wconf 90' lang='lat' dir='ltr'><strong>apud</strong></span> <span class='ocrx_word' id='word_1_12' title='bbox 816 383 961 446; x_wconf 78' lang='lat' dir='ltr'><strong>auctores</strong></span> <span class='ocrx_word' id='word_1_13' title='bbox 979 376 1120 443; x_wconf 77' lang='lat' dir='ltr'><strong>variatio</strong></span> 
     </span>
     <span class='ocr_line' id='line_1_3' title="bbox 82 479 1123 562; baseline -0.001 -20"><span class='ocrx_word' id='word_1_14' title='bbox 82 479 232 559; x_wconf 82' lang='lat' dir='ltr'><strong>duronius,</strong></span> <span class='ocrx_word' id='word_1_15' title='bbox 252 485 372 562; x_wconf 86' lang='lat' dir='ltr'><strong>etpost</strong></span> <span class='ocrx_word' id='word_1_16' title='bbox 388 481 491 562; x_wconf 91' lang='lat' dir='ltr'><strong>ipsum</strong></span> <span class='ocrx_word' id='word_1_17' title='bbox 505 479 646 562; x_wconf 80' lang='lat' dir='ltr'>plerique</span> <span class='ocrx_word' id='word_1_18' title='bbox 659 480 769 542; x_wconf 89' lang='lat' dir='ltr'><strong>volunt</strong></span> <span class='ocrx_word' id='word_1_19' title='bbox 788 482 934 562; x_wconf 80' lang='lat' dir='ltr'><strong>scriptam</strong></span> <span class='ocrx_word' id='word_1_20' title='bbox 954 500 1025 548; x_wconf 87' lang='lat' dir='ltr'><strong>esse</strong></span> <span class='ocrx_word' id='word_1_21' title='bbox 1040 495 1123 544; x_wconf 89' lang='lat' dir='ltr'><strong>anno</strong></span> 
     </span>
     <span class='ocr_line' id='line_1_4' title="bbox 80 581 1124 666; baseline 0.002 -23"><span class='ocrx_word' id='word_1_22' title='bbox 80 581 176 645; x_wconf 84' lang='lat' dir='ltr'><strong>dhristi</strong></span> <span class='ocrx_word' id='word_1_23' title='bbox 195 587 234 648; x_wconf 80' lang='lat'><strong>57</strong></span> <span class='ocrx_word' id='word_1_24' title='bbox 243 631 253 661; x_wconf 95' lang='lat'><strong>,</strong></span> <span class='ocrx_word' id='word_1_25' title='bbox 268 588 341 666; x_wconf 91' lang='lat' dir='ltr'><strong>post</strong></span> <span class='ocrx_word' id='word_1_26' title='bbox 353 585 484 665; x_wconf 83' lang='lat' dir='ltr'><strong>primam</strong></span> <span class='ocrx_word' id='word_1_27' title='bbox 501 586 534 650; x_wconf 92' lang='lat' dir='ltr'><strong>et</strong></span> <span class='ocrx_word' id='word_1_28' title='bbox 547 585 620 646; x_wconf 88' lang='lat' dir='ltr'><strong>ante</strong></span> <span class='ocrx_word' id='word_1_29' title='bbox 641 583 812 646; x_wconf 85' lang='lat' dir='ltr'><strong>secundam</strong></span> <span class='ocrx_word' id='word_1_30' title='bbox 824 585 865 648; x_wconf 91' lang='lat' dir='ltr'><strong>ad</strong></span> <span class='ocrx_word' id='word_1_31' title='bbox 877 586 1052 651; x_wconf 87' lang='lat' dir='ltr'><strong>Corinthios</strong></span> <span class='ocrx_word' id='word_1_32' title='bbox 1069 588 1124 646; x_wconf 90' lang='lat' dir='ltr'><strong>:at</strong></span> 
     </span>
     <span class='ocr_line' id='line_1_5' title="bbox 80 685 1125 768; baseline -0.002 -18"><span class='ocrx_word' id='word_1_33' title='bbox 80 687 251 751; x_wconf 69' lang='lat' dir='ltr'><strong>recentiores</strong></span> <span class='ocrx_word' id='word_1_34' title='bbox 265 688 378 768; x_wconf 83' lang='lat' dir='ltr'><strong>aliqui,</strong></span> <span class='ocrx_word' id='word_1_35' title='bbox 399 703 450 766; x_wconf 92' lang='lat' dir='ltr'><strong>re,</strong></span> <span class='ocrx_word' id='word_1_36' title='bbox 465 691 501 750; x_wconf 93' lang='lat' dir='ltr'><strong>ut</strong></span> <span class='ocrx_word' id='word_1_37' title='bbox 520 690 647 768; x_wconf 88' lang='lat' dir='ltr'><strong>putant,</strong></span> <span class='ocrx_word' id='word_1_38' title='bbox 666 685 842 750; x_wconf 81' lang='lat' dir='ltr'><strong>accuratius</strong></span> <span class='ocrx_word' id='word_1_39' title='bbox 856 691 1032 754; x_wconf 79' lang='lat' dir='ltr'><strong>examinata</strong></span> <span class='ocrx_word' id='word_1_40' title='bbox 1044 733 1053 760; x_wconf 89' lang='lat'><strong>,</strong></span> <span class='ocrx_word' id='word_1_41' title='bbox 1067 704 1125 749; x_wconf 84' lang='lat' dir='ltr'><strong>vo·</strong></span> 
     </span>
     <span class='ocr_line' id='line_1_6' title="bbox 80 788 1124 874; baseline 0.003 -23"><span class='ocrx_word' id='word_1_42' title='bbox 80 791 134 852; x_wconf 92' lang='lat' dir='ltr'><strong>lunt</strong></span> <span class='ocrx_word' id='word_1_43' title='bbox 144 788 239 854; x_wconf 90' lang='lat' dir='ltr'><strong>multd</strong></span> <span class='ocrx_word' id='word_1_44' title='bbox 252 790 375 856; x_wconf 86' lang='lat' dir='ltr'><strong>tardihs</strong></span> <span class='ocrx_word' id='word_1_45' title='bbox 389 792 554 872; x_wconf 78' lang='lat' dir='ltr'><strong>scriptam,</strong></span> <span class='ocrx_word' id='word_1_46' title='bbox 568 791 686 854; x_wconf 90' lang='lat' dir='ltr'><strong>scilicet</strong></span> <span class='ocrx_word' id='word_1_47' title='bbox 695 807 778 854; x_wconf 90' lang='lat' dir='ltr'><strong>anno</strong></span> <span class='ocrx_word' id='word_1_48' title='bbox 788 793 844 869; x_wconf 75' lang='lat'><strong>64,</strong></span> <span class='ocrx_word' id='word_1_49' title='bbox 856 793 950 872; x_wconf 76' lang='lat' dir='ltr'><strong>iuxta</strong></span> <span class='ocrx_word' id='word_1_50' title='bbox 959 793 1124 874; x_wconf 77' lang='lat' dir='ltr'><strong>dominum</strong></span> 
     </span>
     <span class='ocr_line' id='line_1_7' title="bbox 80 891 853 974; baseline 0.005 -20"><span class='ocrx_word' id='word_1_51' title='bbox 80 891 111 954; x_wconf 87' lang='lat' dir='ltr'><strong>do</strong></span> <span class='ocrx_word' id='word_1_52' title='bbox 127 893 286 958; x_wconf 90' lang='lat' dir='ltr'><strong>Tillemont</strong></span> <span class='ocrx_word' id='word_1_53' title='bbox 299 919 309 974; x_wconf 82' lang='lat'>3</span> <span class='ocrx_word' id='word_1_54' title='bbox 328 893 392 958; x_wconf 84' lang='lat' dir='ltr'><strong>imd</strong></span> <span class='ocrx_word' id='word_1_55' title='bbox 405 914 455 960; x_wconf 88' lang='lat' dir='ltr'><strong>an.</strong></span> <span class='ocrx_word' id='word_1_56' title='bbox 471 900 529 970; x_wconf 87' lang='lat'><strong>66,</strong></span> <span class='ocrx_word' id='word_1_57' title='bbox 545 896 638 974; x_wconf 76' lang='lat' dir='ltr'><strong>iuxta</strong></span> <span class='ocrx_word' id='word_1_58' title='bbox 653 898 688 958; x_wconf 83' lang='lat' dir='ltr'><strong>P.</strong></span> <span class='ocrx_word' id='word_1_59' title='bbox 705 896 853 959; x_wconf 84' lang='lat' dir='ltr'><strong>Mauduit.</strong></span> 
     </span>
     <span class='ocr_line' id='line_1_8' title="bbox 110 996 1125 1080; baseline 0.006 -20"><span class='ocrx_word' id='word_1_60' title='bbox 110 1001 172 1061; x_wconf 84' lang='lat' dir='ltr'><strong>lieo</strong></span> <span class='ocrx_word' id='word_1_61' title='bbox 184 999 330 1063; x_wconf 91' lang='lat' dir='ltr'><strong>studioso</strong></span> <span class='ocrx_word' id='word_1_62' title='bbox 343 999 452 1064; x_wconf 91' lang='lat' dir='ltr'><strong>lectori</strong></span> <span class='ocrx_word' id='word_1_63' title='bbox 465 999 672 1066; x_wconf 83' lang='lat' dir='ltr'><strong>examinanda</strong></span> <span class='ocrx_word' id='word_1_64' title='bbox 683 999 825 1080; x_wconf 85' lang='lat' dir='ltr'><strong>relinquo</strong></span> <span class='ocrx_word' id='word_1_65' title='bbox 837 1024 847 1074; x_wconf 69' lang='grc' dir='ltr'><strong>ς</strong></span> <span class='ocrx_word' id='word_1_66' title='bbox 860 999 965 1067; x_wconf 83' lang='lat' dir='ltr'><strong>videat</strong></span> <span class='ocrx_word' id='word_1_67' title='bbox 983 1004 1016 1066; x_wconf 84' lang='lat' dir='ltr'><strong>P.</strong></span> <span class='ocrx_word' id='word_1_68' title='bbox 1032 996 1125 1066; x_wconf 77' lang='lat' dir='ltr'><strong>&#39;liau-</strong></span> 
     </span>
     <span class='ocr_line' id='line_1_9' title="bbox 80 1101 1125 1186; baseline 0.004 -22"><span class='ocrx_word' id='word_1_69' title='bbox 80 1101 133 1166; x_wconf 91' lang='lat' dir='ltr'><strong>duit</strong></span> <span class='ocrx_word' id='word_1_70' title='bbox 144 1105 261 1185; x_wconf 78' lang='lat' dir='ltr'><strong>arralys.</strong></span> <span class='ocrx_word' id='word_1_71' title='bbox 280 1103 317 1168; x_wconf 90' lang='lat' dir='ltr'><strong>in</strong></span> <span class='ocrx_word' id='word_1_72' title='bbox 338 1105 459 1184; x_wconf 85' lang='lat' dir='ltr'><strong>proelat.</strong></span> <span class='ocrx_word' id='word_1_73' title='bbox 474 1105 582 1186; x_wconf 76' lang='lat' dir='ltr'><strong>prime</strong></span> <span class='ocrx_word' id='word_1_74' title='bbox 595 1104 740 1186; x_wconf 82' lang='lat' dir='ltr'><strong>Epistolae</strong></span> <span class='ocrx_word' id='word_1_75' title='bbox 752 1104 793 1167; x_wconf 89' lang='lat' dir='ltr'><strong>ad</strong></span> <span class='ocrx_word' id='word_1_76' title='bbox 806 1105 1020 1182; x_wconf 82' lang='lat' dir='ltr'><strong>Timotheum,</strong></span> <span class='ocrx_word' id='word_1_77' title='bbox 1040 1106 1125 1169; x_wconf 89' lang='lat' dir='ltr'><strong>etin</strong></span> 
     </span>
     <span class='ocr_line' id='line_1_10' title="bbox 79 1205 240 1273; baseline 0.031 -5"><span class='ocrx_word' id='word_1_78' title='bbox 79 1205 184 1271; x_wconf 85' lang='lat' dir='ltr'><strong>dissert.</strong></span> <span class='ocrx_word' id='word_1_79' title='bbox 203 1213 240 1273; x_wconf 88' lang='lat' dir='ltr'><strong>ll.</strong></span> 
     </span>
     <span class='ocr_line' id='line_1_11' title="bbox 108 1311 1123 1390; baseline 0.004 -16"><span class='ocrx_word' id='word_1_80' title='bbox 108 1311 204 1377; x_wconf 70' lang='lat' dir='ltr'><strong>Videat</strong></span> <span class='ocrx_word' id='word_1_81' title='bbox 231 1317 266 1378; x_wconf 88' lang='lat' dir='ltr'><strong>et</strong></span> <span class='ocrx_word' id='word_1_82' title='bbox 288 1317 326 1377; x_wconf 88' lang='lat' dir='ltr'><strong>D.</strong></span> <span class='ocrx_word' id='word_1_83' title='bbox 356 1315 396 1378; x_wconf 89' lang='lat' dir='ltr'><strong>de</strong></span> <span class='ocrx_word' id='word_1_84' title='bbox 419 1314 584 1377; x_wconf 87' lang='lat' dir='ltr'><strong>Tillemont</strong></span> <span class='ocrx_word' id='word_1_85' title='bbox 611 1330 618 1369; x_wconf 77' lang='grc' dir='ltr'><em>τ</em></span> <span class='ocrx_word' id='word_1_86' title='bbox 646 1314 805 1376; x_wconf 78' lang='lat' dir='ltr'><strong>Mdmoircs</strong></span> <span class='ocrx_word' id='word_1_87' title='bbox 837 1333 893 1378; x_wconf 72' lang='lat' dir='ltr'><strong>suc</strong></span> <span class='ocrx_word' id='word_1_88' title='bbox 918 1317 999 1379; x_wconf 78' lang='lat' dir='ltr'><strong>coint</strong></span> <span class='ocrx_word' id='word_1_89' title='bbox 1026 1318 1123 1390; x_wconf 85' lang='lat' dir='ltr'><strong>Poud,</strong></span> 
     </span>
     <span class='ocr_line' id='line_1_12' title="bbox 80 1419 1123 1498; baseline 0.004 -20"><span class='ocrx_word' id='word_1_90' title='bbox 80 1425 127 1480; x_wconf 84' lang='lat' dir='ltr'><strong>ort.</strong></span> <span class='ocrx_word' id='word_1_91' title='bbox 143 1419 179 1482; x_wconf 78' lang='lat'><strong>47</strong></span> <span class='ocrx_word' id='word_1_92' title='bbox 187 1465 196 1494; x_wconf 95' lang='lat'><strong>,</strong></span> <span class='ocrx_word' id='word_1_93' title='bbox 219 1419 287 1481; x_wconf 82' lang='lat' dir='ltr'><strong>l&#39;on</strong></span> <span class='ocrx_word' id='word_1_94' title='bbox 310 1419 346 1481; x_wconf 79' lang='lat' dir='ltr'><strong>dd</strong></span> <span class='ocrx_word' id='word_1_95' title='bbox 365 1420 572 1484; x_wconf 72' lang='lat' dir='ltr'><strong>desua-Cdrist</strong></span> <span class='ocrx_word' id='word_1_96' title='bbox 584 1421 646 1498; x_wconf 72' lang='lat'><strong>643</strong></span> <span class='ocrx_word' id='word_1_97' title='bbox 663 1426 691 1480; x_wconf 84' lang='lat' dir='ltr'><strong>et</strong></span> <span class='ocrx_word' id='word_1_98' title='bbox 706 1425 775 1480; x_wconf 76' lang='lat' dir='ltr'><strong>note</strong></span> <span class='ocrx_word' id='word_1_99' title='bbox 788 1421 844 1498; x_wconf 78' lang='lat'><strong>74,</strong></span> <span class='ocrx_word' id='word_1_100' title='bbox 859 1438 914 1482; x_wconf 72' lang='lat' dir='ltr'><strong>our</strong></span> <span class='ocrx_word' id='word_1_101' title='bbox 931 1421 1014 1482; x_wconf 83' lang='lat' dir='ltr'><strong>soiot</strong></span> <span class='ocrx_word' id='word_1_102' title='bbox 1031 1422 1123 1483; x_wconf 78' lang='lat' dir='ltr'><strong>Paul.</strong></span> 
     </span>
     <span class='ocr_line' id='line_1_13' title="bbox 109 1521 1127 1606; baseline 0.006 -22"><span class='ocrx_word' id='word_1_103' title='bbox 109 1521 211 1604; x_wconf 81' lang='lat' dir='ltr'><strong>Porro,</strong></span> <span class='ocrx_word' id='word_1_104' title='bbox 233 1521 450 1588; x_wconf 90' lang='lat' dir='ltr'><strong>omittendum</strong></span> <span class='ocrx_word' id='word_1_105' title='bbox 470 1540 536 1587; x_wconf 93' lang='lat' dir='ltr'><strong>non</strong></span> <span class='ocrx_word' id='word_1_106' title='bbox 555 1527 634 1606; x_wconf 91' lang='lat' dir='ltr'><strong>puto</strong></span> <span class='ocrx_word' id='word_1_107' title='bbox 650 1522 736 1604; x_wconf 80' lang='lat' dir='ltr'><strong>quod</strong></span> <span class='ocrx_word' id='word_1_108' title='bbox 752 1523 801 1587; x_wconf 77' lang='lat' dir='ltr'><strong>hm</strong></span> <span class='ocrx_word' id='word_1_109' title='bbox 818 1523 859 1587; x_wconf 91' lang='lat' dir='ltr'><strong>ad</strong></span> <span class='ocrx_word' id='word_1_110' title='bbox 879 1525 1077 1590; x_wconf 83' lang='lat' dir='ltr'><strong>Timotheum</strong></span> <span class='ocrx_word' id='word_1_111' title='bbox 1094 1530 1127 1590; x_wconf 90' lang='lat' dir='ltr'><strong>et</strong></span> 
     </span>
    </p>
   </div>
   <div class='ocr_carea' id='block_1_2' title="bbox 79 1625 1256 1714">
    <p class='ocr_par' dir='ltr' id='par_1_2' title="bbox 79 1625 1256 1714">
     <span class='ocr_line' id='line_1_14' title="bbox 79 1625 1256 1714; baseline 0.008 -28"><span class='ocrx_word' id='word_1_112' title='bbox 79 1625 109 1688; x_wconf 90' lang='lat' dir='ltr'><strong>nd</strong></span> <span class='ocrx_word' id='word_1_113' title='bbox 120 1628 211 1692; x_wconf 87' lang='lat' dir='ltr'><strong>Titum</strong></span> <span class='ocrx_word' id='word_1_114' title='bbox 231 1630 384 1710; x_wconf 82' lang='lat' dir='ltr'><strong>Epistolae</strong></span> <span class='ocrx_word' id='word_1_115' title='bbox 396 1632 548 1693; x_wconf 80' lang='lat' dir='ltr'><strong>vocentur</strong></span> <span class='ocrx_word' id='word_1_116' title='bbox 562 1628 863 1711; x_wconf 83' lang='lat' dir='ltr'><strong>hierarchicae,quia</strong></span> <span class='ocrx_word' id='word_1_117' title='bbox 880 1628 995 1714; x_wconf 88' lang='lat' dir='ltr'><strong>docent</strong></span> <span class='ocrx_word' id='word_1_118' title='bbox 1007 1649 1046 1696; x_wconf 91' lang='lat' dir='ltr'><strong>ea</strong></span> <span class='ocrx_word' id='word_1_119' title='bbox 1058 1649 1127 1712; x_wconf 80' lang='lat' dir='ltr'><strong>quac</strong></span> <span class='ocrx_word' id='word_1_120' title='bbox 1252 1663 1256 1678; x_wconf 50' lang='grc' dir='ltr'><strong><em>ι</em></strong></span> 
     </span>
    </p>
   </div>
   <div class='ocr_carea' id='block_1_3' title="bbox 30 1731 1198 2549">
    <p class='ocr_par' dir='ltr' id='par_1_3' title="bbox 30 1731 1198 2134">
     <span class='ocr_line' id='line_1_15' title="bbox 80 1731 1128 1816; baseline 0.004 -22"><span class='ocrx_word' id='word_1_121' title='bbox 80 1731 109 1794; x_wconf 92' lang='lat' dir='ltr'><strong>ad</strong></span> <span class='ocrx_word' id='word_1_122' title='bbox 120 1735 361 1800; x_wconf 86' lang='lat' dir='ltr'><strong>ecclesiasticam</strong></span> <span class='ocrx_word' id='word_1_123' title='bbox 380 1733 574 1815; x_wconf 77' lang='lat' dir='ltr'><strong>disciplinam</strong></span> <span class='ocrx_word' id='word_1_124' title='bbox 591 1732 816 1798; x_wconf 74' lang='lat' dir='ltr'><strong>instituendam</strong></span> <span class='ocrx_word' id='word_1_125' title='bbox 829 1739 991 1816; x_wconf 76' lang='lat' dir='ltr'><strong>spectent3</strong></span> <span class='ocrx_word' id='word_1_126' title='bbox 1005 1740 1039 1799; x_wconf 90' lang='lat' dir='ltr'><strong>et</strong></span> <span class='ocrx_word' id='word_1_127' title='bbox 1055 1736 1128 1814; x_wconf 86' lang='lat' dir='ltr'><strong>quia</strong></span> 
     </span>
     <span class='ocr_line' id='line_1_16' title="bbox 80 1837 1128 1923; baseline 0.002 -23"><span class='ocrx_word' id='word_1_128' title='bbox 80 1837 114 1901; x_wconf 89' lang='lat' dir='ltr'><strong>sic</strong></span> <span class='ocrx_word' id='word_1_129' title='bbox 133 1840 169 1904; x_wconf 92' lang='lat' dir='ltr'><strong>ad</strong></span> <span class='ocrx_word' id='word_1_130' title='bbox 182 1840 389 1923; x_wconf 86' lang='lat' dir='ltr'><strong>Timotheum</strong></span> <span class='ocrx_word' id='word_1_131' title='bbox 409 1839 498 1903; x_wconf 86' lang='lat' dir='ltr'><strong>etad</strong></span> <span class='ocrx_word' id='word_1_132' title='bbox 518 1838 624 1902; x_wconf 89' lang='lat' dir='ltr'><strong>Titum</strong></span> <span class='ocrx_word' id='word_1_133' title='bbox 646 1838 754 1902; x_wconf 90' lang='lat' dir='ltr'><strong>scribit</strong></span> <span class='ocrx_word' id='word_1_134' title='bbox 768 1840 956 1920; x_wconf 80' lang='lat' dir='ltr'><strong>Apostolus,</strong></span> <span class='ocrx_word' id='word_1_135' title='bbox 979 1843 1014 1902; x_wconf 91' lang='lat' dir='ltr'><strong>ut</strong></span> <span class='ocrx_word' id='word_1_136' title='bbox 1035 1844 1068 1901; x_wconf 87' lang='lat' dir='ltr'><strong>et</strong></span> <span class='ocrx_word' id='word_1_137' title='bbox 1088 1839 1128 1902; x_wconf 88' lang='lat' dir='ltr'><strong>ad</strong></span> 
     </span>
     <span class='ocr_line' id='line_1_17' title="bbox 30 1942 1128 2026; baseline 0.001 -22"><span class='ocrx_word' id='word_1_138' title='bbox 30 1951 32 1958; x_wconf 79' lang='grc'><strong>“</strong></span> <span class='ocrx_word' id='word_1_139' title='bbox 80 1959 170 2010; x_wconf 86' lang='lat' dir='ltr'><strong>omnes</strong></span> <span class='ocrx_word' id='word_1_140' title='bbox 182 1944 334 2010; x_wconf 77' lang='lat' dir='ltr'><strong>Ecclesiae</strong></span> <span class='ocrx_word' id='word_1_141' title='bbox 352 1942 507 2007; x_wconf 87' lang='lat' dir='ltr'><strong>antistites</strong></span> <span class='ocrx_word' id='word_1_142' title='bbox 524 1943 671 2024; x_wconf 82' lang='lat' dir='ltr'><strong>pleraque</strong></span> <span class='ocrx_word' id='word_1_143' title='bbox 683 1958 742 2006; x_wconf 86' lang='lat' dir='ltr'><strong>sua</strong></span> <span class='ocrx_word' id='word_1_144' title='bbox 757 1944 854 2007; x_wconf 85' lang='lat' dir='ltr'><strong>verba</strong></span> <span class='ocrx_word' id='word_1_145' title='bbox 871 1942 1001 2024; x_wconf 79' lang='lat' dir='ltr'><strong>dirigat,</strong></span> <span class='ocrx_word' id='word_1_146' title='bbox 1016 1943 1128 2026; x_wconf 84' lang='lat' dir='ltr'><strong>quibus</strong></span> 
     </span>
     <span class='ocr_line' id='line_1_18' title="bbox 80 2032 1198 2134; baseline -0.006 -19"><span class='ocrx_word' id='word_1_147' title='bbox 80 2047 183 2115; x_wconf 87' lang='lat' dir='ltr'><strong>discant</strong></span> <span class='ocrx_word' id='word_1_148' title='bbox 196 2051 312 2134; x_wconf 87' lang='lat' dir='ltr'><strong>quales</strong></span> <span class='ocrx_word' id='word_1_149' title='bbox 328 2065 418 2128; x_wconf 86' lang='lat' dir='ltr'><strong>csse,</strong></span> <span class='ocrx_word' id='word_1_150' title='bbox 437 2051 470 2111; x_wconf 88' lang='lat' dir='ltr'><strong>et</strong></span> <span class='ocrx_word' id='word_1_151' title='bbox 485 2046 617 2128; x_wconf 85' lang='lat' dir='ltr'><strong>qualiter</strong></span> <span class='ocrx_word' id='word_1_152' title='bbox 629 2063 741 2127; x_wconf 83' lang='lat' dir='ltr'><strong>regere</strong></span> <span class='ocrx_word' id='word_1_153' title='bbox 754 2045 899 2112; x_wconf 87' lang='lat' dir='ltr'><strong>debeant.</strong></span> <span class='ocrx_word' id='word_1_154' title='bbox 1195 2032 1198 2037; x_wconf 67' lang='grc'><strong>’</strong></span> 
     </span>
    </p>

    <p class='ocr_par' dir='ltr' id='par_1_4' title="bbox 80 2148 1130 2549">
     <span class='ocr_line' id='line_1_19' title="bbox 110 2148 1125 2234; baseline -0.002 -18"><span class='ocrx_word' id='word_1_155' title='bbox 110 2155 178 2218; x_wconf 90' lang='lat' dir='ltr'><strong>ilinc</strong></span> <span class='ocrx_word' id='word_1_156' title='bbox 197 2155 295 2219; x_wconf 86' lang='lat' dir='ltr'><strong>divus</strong></span> <span class='ocrx_word' id='word_1_157' title='bbox 323 2152 517 2233; x_wconf 66' lang='lat' dir='ltr'><strong>Augustinus</strong></span> <span class='ocrx_word' id='word_1_158' title='bbox 539 2150 581 2218; x_wconf 83' lang='lat' dir='ltr'><strong>de</strong></span> <span class='ocrx_word' id='word_1_159' title='bbox 598 2149 683 2213; x_wconf 86' lang='lat' dir='ltr'><strong>doct.</strong></span> <span class='ocrx_word' id='word_1_160' title='bbox 706 2148 905 2230; x_wconf 88' lang='lat' dir='ltr'><strong>Christi,lib.</strong></span> <span class='ocrx_word' id='word_1_161' title='bbox 926 2151 1050 2232; x_wconf 77' lang='lat' dir='ltr'><strong>t,oap.</strong></span> <span class='ocrx_word' id='word_1_162' title='bbox 1073 2156 1125 2234; x_wconf 81' lang='lat'><strong>16,</strong></span> 
     </span>
     <span class='ocr_line' id='line_1_20' title="bbox 80 2253 1130 2342; baseline -0.002 -22"><span class='ocrx_word' id='word_1_163' title='bbox 80 2275 172 2324; x_wconf 88' lang='lat' dir='ltr'><strong>omnes</strong></span> <span class='ocrx_word' id='word_1_164' title='bbox 186 2261 358 2342; x_wconf 84' lang='lat' dir='ltr'><strong>episcopos</strong></span> <span class='ocrx_word' id='word_1_165' title='bbox 372 2261 405 2322; x_wconf 88' lang='lat' dir='ltr'><strong>et</strong></span> <span class='ocrx_word' id='word_1_166' title='bbox 414 2256 560 2321; x_wconf 76' lang='lat' dir='ltr'><strong>Ecclesiae</strong></span> <span class='ocrx_word' id='word_1_167' title='bbox 569 2256 730 2320; x_wconf 87' lang='lat' dir='ltr'><strong>ministros</strong></span> <span class='ocrx_word' id='word_1_168' title='bbox 740 2253 928 2320; x_wconf 86' lang='lat' dir='ltr'><strong>hortaturnt</strong></span> <span class='ocrx_word' id='word_1_169' title='bbox 940 2256 998 2320; x_wconf 85' lang='lat' dir='ltr'><strong>has</strong></span> <span class='ocrx_word' id='word_1_170' title='bbox 1008 2256 1130 2336; x_wconf 63' lang='lat' dir='ltr'><strong>Epistm</strong></span> 
     </span>
     <span class='ocr_line' id='line_1_21' title="bbox 80 2355 1129 2445; baseline 0.001 -22"><span class='ocrx_word' id='word_1_171' title='bbox 80 2361 115 2426; x_wconf 86' lang='lat' dir='ltr'><strong>las</strong></span> <span class='ocrx_word' id='word_1_172' title='bbox 135 2381 194 2445; x_wconf 84' lang='lat' dir='ltr'><strong>pre</strong></span> <span class='ocrx_word' id='word_1_173' title='bbox 212 2363 318 2429; x_wconf 82' lang='lat' dir='ltr'><strong>oculis</strong></span> <span class='ocrx_word' id='word_1_174' title='bbox 337 2379 464 2443; x_wconf 90' lang='lat' dir='ltr'><strong>semper</strong></span> <span class='ocrx_word' id='word_1_175' title='bbox 488 2359 643 2440; x_wconf 88' lang='lat' dir='ltr'><strong>habeant,</strong></span> <span class='ocrx_word' id='word_1_176' title='bbox 664 2375 781 2443; x_wconf 86' lang='lat' dir='ltr'><strong>easque</strong></span> <span class='ocrx_word' id='word_1_177' title='bbox 803 2358 951 2427; x_wconf 81' lang='lat' dir='ltr'><strong>continue</strong></span> <span class='ocrx_word' id='word_1_178' title='bbox 972 2355 1079 2442; x_wconf 79' lang='lat' dir='ltr'><strong>legant</strong></span> <span class='ocrx_word' id='word_1_179' title='bbox 1097 2367 1129 2424; x_wconf 88' lang='lat' dir='ltr'><strong>et</strong></span> 
     </span>
     <span class='ocr_line' id='line_1_22' title="bbox 80 2465 683 2549; baseline 0.008 -21"><span class='ocrx_word' id='word_1_180' title='bbox 80 2469 283 2549; x_wconf 87' lang='lat' dir='ltr'><strong>meditentur,</strong></span> <span class='ocrx_word' id='word_1_181' title='bbox 300 2471 449 2548; x_wconf 85' lang='lat' dir='ltr'><strong>tanquam</strong></span> <span class='ocrx_word' id='word_1_182' title='bbox 468 2465 527 2530; x_wconf 89' lang='lat' dir='ltr'><strong>sibi</strong></span> <span class='ocrx_word' id='word_1_183' title='bbox 541 2465 683 2548; x_wconf 86' lang='lat' dir='ltr'><strong>scriptas.</strong></span> 
     </span>
    </p>
   </div>
   <div class='ocr_carea' id='block_1_4' title="bbox 0 0 1346 4542">
    <p class='ocr_par' dir='ltr' id='par_1_5' title="bbox 0 0 1346 4542">
     <span class='ocr_line' id='line_1_23' title="bbox 0 0 1346 4542; baseline 0 0"><span class='ocrx_word' id='word_1_184' title='bbox 0 0 1346 4542; x_wconf 95' lang='lat' dir='ltr'><strong> </strong></span> 
     </span>
    </p>
   </div>
  </div>
 </body>
</html>
