2622 4552
315 297 482 354 nntrtnx
500 295 723 352 Exposuit).
742 295 824 347 CAP.
845 296 896 348 tx.
1084 293 1136 346 525

83 526 577 554 wunnuumomomonmoem
582 523 841 551 announcement·
845 521 1137 550 aeonuummmu·

179 725 182 732 ’
263 734 523 816 ANALYSIS
552 732 761 813 C'APlTlS
792 731 939 812 NONI.

530 983 681 998 ——u-

75 1107 111 1201 In
122 1149 176 1204 tine
189 1147 290 1217 capitis
302 1145 393 1200 octavi
406 1145 474 1199 dixit
486 1150 567 1198 vetus
579 1147 786 1197 Testamentum
800 1157 849 1208 per
858 1156 963 1196 novum
973 1140 1136 1208 abrogatum

74 1237 157 1290 tuisse
171 1251 178 1286 :
192 1245 230 1286 ne
242 1230 370 1284 videatur
390 1233 483 1282 autem
504 1227 569 1282 iilud
589 1226 736 1280 damnasse
752 1225 826 1278 velut
843 1225 957 1288 inutile,
972 1225 1071 1276 multas
1091 1223 1137 1276 hic

74 1321 145 1372 iilius
156 1316 193 1370 ad
207 1314 258 1368 liei
270 1313 374 1366 cultum
390 1311 520 1364 utilitates
532 1308 625 1363 refert.

104 1405 218 1454 Fatetur
230 1410 296 1464 ergo
309 1394 386 1462 quod
398 1399 426 1446 et
438 1394 507 1447 ritus
518 1399 545 1446 et
556 1391 738 1446 caeremonias
749 1391 786 1444 ad
794 1390 843 1444 Dei
854 1390 958 1442 cultum
967 1389 1136 1454 pertinentes

72 1483 217 1543 hahuerit,
231 1487 259 1534 ot
272 1477 499 1540 tabernaculum,
514 1477 541 1529 in
557 1488 614 1542 qno
626 1474 671 1527 his
685 1474 785 1528 ritihus
805 1474 942 1526 coleretur
961 1475 1049 1536 Dens,
1064 1471 1090 1537 it.
1107 1476 1134 1522 t.

106 1571 164 1620 lloc
177 1561 388 1617 tabernaculum
408 1559 540 1613 describit
556 1557 651 1626 quoad
670 1563 763 1624 partes
778 1563 804 1610 et
818 1555 913 1622 quoad
925 1569 957 1608 ea
970 1568 1033 1621 quae
1044 1553 1137 1606 conti-

73 1652 174 1712 nebat,
195 1645 293 1699 sivein
313 1647 421 1707 sancto,
441 1643 498 1695 sive
516 1642 546 1695 in
562 1643 664 1695 Sancto
677 1645 854 1703 sanctorum,
868 1639 894 1705 it.
913 1641 948 1702 T,
963 1642 995 1700 5,
1010 1641 1045 1698 l,
1063 1641 1095 1701 53
1109 1643 1135 1688 et

72 1733 167 1802 qrroad
178 1727 315 1783 sacrificia
332 1731 360 1780 et
370 1725 524 1780 ministeria
537 1737 598 1792 quoe
612 1724 715 1777 llebant
726 1723 755 1776 in
769 1729 903 1790 utroque,
919 1723 944 1790 i.
958 1724 990 1786 6,
1005 1725 1031 1772 7.

105 1819 132 1886 i.
152 1821 184 1880 8,
202 1816 237 1878 9,
254 1814 301 1865 10.
323 1811 389 1863 llaec
409 1809 470 1876 ipsa
493 1821 556 1875 quae
576 1807 644 1860 dixit
667 1807 881 1872 interpretatur,
903 1811 930 1857 et
948 1818 981 1856 ex
1001 1802 1054 1854 iilis
1069 1801 1137 1868 ipsis

71 1899 194 1955 ostendit
207 1895 288 1950 istius
306 1890 475 1946 Testamenti
492 1891 592 1943 veteris
607 1891 795 1942 infirmitatem
815 1894 843 1941 et
860 1885 1081 1940 insufficientiam
1101 1885 1136 1936 ad

72 1980 286 2040 sanctificandas
296 1977 404 2031 animas
415 1981 442 2029 et
454 1975 492 2028 ad
504 1975 604 2028 coelum
617 1972 658 2025 eis
669 1971 860 2038 aperiendum.

105 2069 143 2122 lli
155 2067 214 2120 duo
227 2062 341 2117 allectus
356 2059 463 2114 Christo
481 2055 604 2125 pontiflci
617 2061 713 2108 nostro
728 2061 807 2108 erant
819 2052 960 2106 reservati.

105 2154 135 2221 y.
149 2153 185 2203 tt
200 2153 228 2201 et
237 2147 283 2200 lt.
304 2142 373 2197 liori
387 2140 564 2210 pontificatus
577 2138 726 2192 efficaciam
744 2135 784 2190 sic
796 2135 939 2202 exprimit,
957 2139 1025 2188 utet
1037 2131 1136 2187 Christi

71 2231 215 2305 pontilicis
228 2243 312 2297 super
333 2240 432 2282 omnes
450 2224 552 2293 legales
571 2221 718 2291 pontifices
734 2218 924 2274 excellentiam
939 2217 1083 2284 exprimat.

104 2316 236 2373 Pontifex
248 2319 289 2368 est
306 2308 581 2376 contemporalium,
596 2305 646 2360 sed
656 2311 825 2359 aeternorum
836 2303 991 2365 bonorum
1010 2300 1134 2360 transiit,

71 2418 129 2459 non
143 2415 196 2470 per
205 2395 414 2452 tabernaculum
423 2391 568 2446 hominum
580 2390 708 2444 manibus
717 2387 831 2451 lactum,
841 2385 891 2439 sed
900 2385 916 2438 a
926 2385 1029 2452 Spiritu
1041 2389 1137 2436 sancto

69 2488 236 2545 tormatum3
250 2493 307 2532 non
324 2491 389 2531 cum
401 2474 536 2543 sauguine
551 2487 702 2540 pecorum,
718 2472 768 2526 scd
783 2485 847 2525 cum
860 2483 911 2523 suo
921 2468 1056 2535 sanguine
1070 2480 1137 2533 pro-

70 2571 149 2638 pri03
163 2563 276 2618 intrarit
291 2563 319 2614 in
339 2562 440 2614 Sancta
458 2562 633 2622 sanctorum,
647 2570 704 2610 non
723 2561 849 2618 terrena,
864 2553 915 2606 sed
926 2551 1066 2614 coelestia3
1079 2561 1135 2602 non

69 2653 159 2709 semel
175 2650 203 2702 in
217 2660 306 2710 anno,
319 2643 369 2698 sed
388 2642 474 2696 semel
492 2640 607 2716 omnino
617 2656 625 2704 ;
636 2653 693 2691 non
706 2637 797 2690 annua
813 2634 920 2689 tantum
934 2634 1014 2700 legali
1032 2631 1136 2684 sancti-

69 2737 203 2792 hcatione
213 2726 401 2798 procuranda,
411 2724 462 2778 sed
471 2722 574 2776 aterna
586 2728 614 2775 et
622 2720 743 2788 perlecta
753 2719 908 2772 animarum
920 2713 1136 2778 sanctificatione

70 2817 195 2889 peracta,

110 2905 140 2972 y.
154 2904 193 2954 lo
211 2904 239 2952 et
256 2901 301 2950 ll.
318 2899 395 2949 lianc
410 2889 558 2959 Sanguinis
569 2887 668 2944 Christi
685 2885 835 2940 efficaciam
854 2882 953 2950 prohat
971 2894 1003 2934 ex
1016 2875 1136 2932 efficacia

71 2989 218 3042 hircorum
229 2987 257 3035 et
272 2979 420 3032 vitulorum
432 2973 559 3041 sanguini
573 2969 704 3026 atudaeis
713 2967 854 3022 attributa.
867 2966 895 3019 Si
906 2968 1014 3033 poterat
1025 2960 1137 3030 sanguis

72 3080 211 3140 pecorum
221 3063 344 3132 legaliter
356 3058 543 3120 sanctificare,
557 3055 663 3122 quanto
677 3051 766 3120 magis
782 3050 900 3117 sanguis
916 3045 1031 3110 christi,
1043 3045 1137 3098 imma·

72 3151 161 3209 culnti
174 3149 245 3216 igni
263 3146 326 3210 Dei,
342 3140 526 3198 conscientias
539 3139 555 3192 a
566 3137 688 3205 peccatis
707 3131 891 3189 emundabit!
912 3149 915 3152 ·

106 3231 252 3305 5.15.0h
270 3231 343 3284 hanc
360 3226 405 3280 sui
425 3222 573 3290 Sanguinis
592 3220 760 3282 efficaciam,
777 3216 877 3270 Christi
889 3213 957 3267 novi
970 3209 1136 3265 Testamenti

74 3318 215 3373 mediator
234 3313 324 3367 iactus
341 3315 399 3373 est,
412 3312 444 3360 ut
464 3319 514 3372 per
530 3304 573 3357 sni
594 3301 741 3368 Sanguinis
762 3299 925 3352 effusionem
939 3295 1033 3348 omnia
1052 3292 1137 3344 totius

75 3400 176 3456 mundi
185 3401 299 3465 peccata
314 3394 433 3454 deleret,
447 3386 530 3441 etiam
543 3399 606 3452 qnae
625 3385 677 3438 sub
693 3381 780 3450 priori
799 3382 976 3434 Testamento
989 3373 1136 3429 commissa

73 3490 160 3546 sunt,
177 3487 206 3534 et
226 3484 257 3532 ut
279 3473 406 3530 omnesa
424 3470 545 3539 peccatis
561 3467 641 3522 liberi
659 3469 774 3533 possent
797 3468 930 3518 aeternam
949 3455 1136 3511 haereditatem

72 3568 128 3622 sihi
139 3563 306 3634 promissam
318 3556 471 3626 possidere.

111 3653 138 3720 p.
149 3651 186 3702 td
196 3652 224 3701 et
231 3648 276 3698 t'l.
283 3645 317 3696 ut
325 3641 399 3694 hanc
410 3637 598 3691 haereditatem
605 3627 823 3701 possideremus,
832 3625 928 3682 dehuit
936 3622 1005 3677 mori
1014 3622 1138 3676 christus

76 3736 209 3794 testatem
226 3723 341 3781 viventis
356 3723 430 3777 enim
448 3721 522 3773 nulla
536 3716 693 3771 haereditas.

110 3819 139 3886 i.
152 3817 205 3876 ts,
218 3814 268 3872 49,
282 3811 329 3872 20,
348 3810 381 3859 tt
391 3845 398 3870 ,
409 3807 453 3858 tt.
467 3806 526 3857 lloc
536 3799 742 3868 praefiguratum
763 3791 885 3846 ostendit
896 3791 924 3843 in
936 3787 1022 3840 veteri
1041 3788 1139 3840 Testo-

75 3905 188 3962 mento‚
201 3877 280 3962 quod
295 3903 359 3944 cum
377 3886 511 3954 sangnine
529 3883 580 3937 t'uit
593 3879 765 3940 dedicatum

116 3985 142 4051 ᾗ.
165 3983 211 4033 25.
237 3976 306 4028 Cum
331 3972 385 4024 hoc
403 3966 578 4030 discrimine,
596 3960 672 4030 qnod
690 3959 761 4010 sicut
781 3955 846 4009 iliud
867 3959 924 4010 erat
945 3953 1082 4021 typicum,
1101 3953 1137 4004 ito
