2670 4542
350 309 518 362 narranti
535 309 756 366 nxrosi'tio.
776 311 859 367 GAP.
879 313 903 368 1.
1139 319 1156 366 'l

70 439 72 448 .
102 403 283 467 supercrescit
300 405 371 459 tides
390 413 497 472 vostra,
510 413 537 462 et
560 408 683 469 cuiusque
697 407 810 458 nmmum
836 408 945 460 ebarlias
966 411 993 458 in
1012 411 1156 472 proximum

101 478 216 530 abundat
228 480 349 534 charites
361 481 538 550 uniuscujus-
561 488 636 527 fluum
652 475 732 538 miili
745 489 775 526 ⁸⁰
785 478 865 539 magis
875 477 1066 540 multiplicetur.

101 569 149 622 quc
162 557 286 610 vestrum
296 558 325 611 in
338 559 455 612 invicem
466 575 474 614 a

131 637 156 685 i.
172 637 211 687 lta
225 640 296 689 utet
309 637 427 705 nosipsi
440 638 469 690 in
484 651 536 692 ro-
589 632 657 684 bdeo
668 636 698 683 nt
712 635 738 683 et
754 645 800 684 nos
813 633 860 695 ipsi
871 631 939 695 apud
955 632 1017 683 altas
1033 633 1155 684 Ecclesiae

100 711 138 764 bis
149 713 301 778 gloriemur
311 716 339 768 pn
349 717 480 772 500103313
486 718 535 771 „ej
558 700 600 750 liei
610 700 746 762 gloriemur
758 700 788 751 de
797 701 867 749 vobis
878 700 909 750 do
920 700 968 750 ilde
981 700 1063 749 vestra
1073 721 1079 759 ;
1090 705 1114 749 et
1125 701 1155 748 tle

100 803 144 858 pm
161 792 295 858 panem
316 796 406 848 vem
418 803 446 849 et
463 797 533 861 nde,
557 767 801 828 vastrapatiemtatn
813 767 929 816 omnibus
941 767 1156 829 persecutionibus

100 870 158 927 min
176 873 310 926 omnibus
329 876 534 940 persecutioni·
558 838 583 884 et
598 834 803 884 tribulationibus
818 837 925 896 vestris3

100 944 145 999 bus
157 949 259 1002 vestris
271 955 298 1002 et
312 949 535 1004 tribulationibus

99 1036 161 1090 quas
175 1025 338 1096 sustinetis,
570 1073 575 1084 ,

129 1103 533 1171 5.lnexemplum1‘ustijudi-
587 1103 653 1166 Quas
667 1105 800 1167 patimini,
814 1117 858 1154 scu
872 1117 917 1154 vos
932 1104 984 1166 pati
998 1103 1057 1152 sinit
1071 1102 1154 1162 tiens,

99 1175 129 1228 cii
139 1178 495 1247 Dei‚utdignihabeamini
505 1183 532 1234 jn
558 1177 586 1223 ut
598 1176 625 1223 lu
636 1173 706 1224 vobis
720 1173 835 1224 ostendat
852 1176 950 1233 justum
969 1183 1044 1222 auum
1058 1173 1084 1221 ln
1104 1175 1155 1221 ian-1

99 1333 170 1384 instar
179 1338 294 1396 montis,
306 1336 373 1398 quod
389 1337 503 1400 lugiens,
514 1339 707 1390 inundationem
721 1340 890 1388 tentationum
903 1351 1018 1402 superea,
1033 1343 1097 1390 tuac
1109 1353 1155 1392 su-

98 1407 232 1463 percresoat
251 1404 315 1454 tides
328 1409 370 1456 tun
381 1442 389 1466 ‚
400 1406 520 1456 ductibus
537 1406 611 1456 altior
630 1406 691 1467 liat,
710 1409 794 1469 sicque
807 1418 860 1457 nou
875 1407 1050 1470 submergeris.

123 1485 145 1532 i.
156 1485 194 1534 ito
211 1492 243 1536 ut
256 1492 280 1536 et
292 1499 338 1536 noa
350 1487 402 1548 ipat
416 1488 444 1536 iu
461 1487 533 1538 nobit
545 1487 694 1550 clamemur.

123 1552 172 1602 lion
192 1558 326 1616 tristatur,
344 1568 396 1604 non
417 1556 497 1615 dolet,
521 1568 573 1607 non
594 1555 747 1607 lamentatur
762 1556 855 1607 Paulus
872 1557 904 1607 ob
917 1555 1030 1608 iidellum
1047 1558 1154 1610 tribula·

98 1623 184 1674 tiones:
199 1626 243 1676 sed
257 1639 305 1689 pro
317 1625 421 1676 illorum
439 1627 561 1689 patientta
572 1626 622 1676 lieo
639 1628 732 1690 gratias
744 1629 812 1689 agit,
826 1631 852 1677 et
869 1627 937 1691 apud
953 1628 1016 1680 allas
1030 1628 1154 1682 Ecclesiae

98 1691 124 1740 ob
138 1693 203 1744 ibam
220 1696 354 1757 gloriatur.

122 1761 248 1816 lilscamns
274 1766 336 1815 hinc
355 1769 381 1816 et
399 1777 447 1818 nos
467 1766 576 1828 gaudere
595 1769 621 1816 et
639 1765 738 1828 gloriari
761 1767 787 1815 in
809 1765 1015 1818 tribulationibus
1036 1771 1151 1820 naamis:

98 1833 179 1896 quippe
194 1848 253 1897 qum
266 1836 406 1896 indicium,
425 1838 535 1886 ostensio
549 1839 573 1884 et
590 1835 770 1885 demonstratio
787 1838 917 1895 suntiustt
927 1836 1018 1897 iudicii
1028 1851 1079 1897 ouo
1089 1839 1154 1890 beus

99 1911 139 1950 nos
153 1916 227 1967 regno
244 1917 294 1955 suo
308 1903 490 1968 dignos-reddit
502 1909 527 1954 et
539 1904 645 1965 iudicat.

125 1987 147 2037 t.
158 1989 187 2037 ln
196 1989 341 2052 exemplum
350 1989 417 2051 iusti
423 1987 518 2051 iudicii
527 1989 603 2038 Dei...
617 1993 654 2038 est
665 1988 779 2050 qnaedatn
793 1989 820 2038 ln
834 1991 904 2038 textu
915 1990 1023 2038 varietas
1033 2009 1040 2050 ;
1052 1989 1153 2040 Graecus

98 2059 158 2106 onim
167 2062 268 2120 textus,
280 2058 347 2108 iacto
357 2062 453 2121 puncto
464 2061 522 2121 post
531 2055 636 2106 verbum
645 2057 786 2113 sustinetis,
797 2056 874 2106 babet
893 2054 1003 2114 ἔνδειγμα
1013 2065 1054 2111 τῆς
1065 2055 1154 2110 δικαίας

98 2129 191 2187 arsetas,
207 2133 260 2178 etc.
273 2127 398 2180 indiciam
412 2131 511 2178 eertum
522 2127 584 2188 justi
596 2126 687 2187 iudicii
699 2125 753 2187 bei,
765 2125 797 2175 ad
808 2127 896 2188 (lignos
909 2128 1005 2178 eeumrl
1019 2139 1064 2178 vos
1076 2139 1153 2191 reguo

98 2192 147 2255 liei;
158 2200 182 2246 et
194 2199 230 2247 ita
246 2199 327 2248 etlam
337 2197 397 2260 legit
411 2197 440 2246 li.
456 2196 658 2260 Chrysostomus.

123 2265 221 2330 llulgata
235 2268 300 2318 verb
318 2271 402 2317 nostra
422 2265 499 2317 habet
514 2267 569 2316 stne
586 2269 699 2330 puncto,
718 2279 782 2334 paor
796 2265 922 2318 sustinetis
932 2267 960 2317 to
974 2265 1152 2331 exemplatam...

98 2325 241 2450 &stanuum
257 2339 397 2398 interpres,
414 2333 571 2396 tintinnum
588 2339 623 2386 lta
642 2340 717 2386 ctiam
735 2336 794 2400 legit
812 2337 905 2400 Syrus,
919 2337 972 2400 lmb
984 2341 1009 2388 et
1022 2339 1154 2402 'theophy-

119 2407 176 2454 ctus.
388 2427 390 2432 ·

125 2470 196 2534 blajor
216 2479 255 2525 cst
272 2477 299 2524 ln
318 2473 465 2536 explicando
483 2477 557 2544 textu
577 2477 702 2536 varietas,
723 2475 755 2524 ob
774 2488 850 2538 qnam
868 2474 1015 2538 aliquandiu
1028 2477 1154 2528 hesitavit

99 2541 192 2593 undam
211 2545 279 2594 milii
299 2547 396 2593 tentum
412 2543 521 2605 legenti,
542 2543 661 2606 relegenti
679 2548 704 2593 et
723 2543 755 2594 ad
777 2547 906 2606 sequentia
930 2545 1083 2607 attendenti,
1109 2560 1153 2596 oc·

101 2613 174 2660 onrrlt
183 2612 318 2677 explicatio
329 2624 406 2673 quam
418 2611 560 2662 naturalem
569 2616 646 2675 puto,
662 2615 687 2660 ct
701 2617 737 2660 cst
749 2623 855 2674 sequens
868 2631 875 2661 ε

128 2687 192 2744 Otos
200 2688 331 2738 marineus
340 2689 368 2736 io
377 2686 519 2750 cuempiam
531 2687 596 2750 justa·
605 2687 699 2749 judicii
709 2687 784 2736 Dei...
797 2687 822 2736 td
833 2693 883 2748 cst,
894 2699 956 2750 quas
964 2687 1080 2748 patimini
1090 2725 1097 2747 ‚
1108 2701 1153 2736 seu

99 2763 153 2814 qaas
171 2758 231 2808 aluit
245 2767 293 2807 vos
309 2757 361 2818 pati
371 2791 379 2816 ,
389 2761 419 2807 nt
434 2758 462 2805 in
478 2756 549 2806 robis
564 2755 680 2806 ostendat
689 2757 787 2818 justum
806 2759 921 2805 suumin
935 2755 1153 2818 impiosiuturum

98 2822 219 2880 judicium.

126 2893 153 2943 lli
172 2895 243 2957 dipel
261 2892 407 2944 habeamini
420 2895 448 2944 tc
465 2907 540 2956 reparo
562 2894 627 2951 Det,
644 2892 739 2953 idest,
759 2895 784 2941 et
801 2894 831 2941 nt
847 2902 891 2941 vos
911 2903 957 2942 suo
972 2903 1054 2954 ragno
1066 2893 1153 2957 dignos

99 2961 184 3014 reddnt.
412 2977 417 2986 ·

125 3031 151 3080 lu
167 3034 206 3084 bis
220 3038 307 3096 itaque
321 3034 404 3084 verbis
416 3033 480 3084 duos
497 3036 559 3097 puto
570 3033 695 3093 designari
709 3051 715 3081 ι
731 3031 794 3082 tlnes
810 3031 841 3081 ob
854 3044 917 3094 quos
926 3028 1063 3082 Marssinii
1075 3033 1154 3083 bonos

100 3099 112 3147 i
125 3103 193 3154 malis
205 3105 303 3166 affligis
323 3103 437 3163 scilicet,
452 3105 520 3154 utin
535 3101 660 3152 bonorum
671 3103 803 3164 punitione
819 3100 885 3151 Deus
894 3099 1048 3151 demonstret
1060 3105 1154 3164 praeiu·

100 3167 186 3222 dicium
205 3176 244 3223 sut
258 3173 338 3222 iuturi
355 3174 382 3221 in
400 3174 491 3234 impios
508 3171 612 3233 iudicii,
624 3173 649 3219 et
667 3174 696 3220 ut
711 3172 773 3230 iusti
786 3183 831 3234 per
848 3172 995 3233 patientiam
1008 3175 1153 3221 mereantur

100 3248 196 3299 regnum
208 3241 363 3304 patientibus
375 3243 538 3302 promissum.

125 3306 151 3356 ln
163 3309 210 3359 lato
222 3308 389 3372 explicatione
400 3310 486 3357 omnia
499 3309 626 3358 cohaerent
638 3326 644 3356 =
657 3319 744 3358 versus
757 3308 826 3358 enim
837 3311 852 3357 6
865 3311 891 3357 et
903 3312 1061 3370 trequentes
1074 3307 1154 3369 expll-

100 3380 151 3426 cant
169 3377 223 3429 baec
239 3379 290 3428 duo
302 3377 380 3436 buius
392 3390 420 3425 n.
442 3379 465 3426 t.
483 3376 615 3437 membra;
628 3388 673 3426 sen
692 3376 755 3426 duos
776 3375 839 3426 lines
857 3375 900 3426 bio
913 3379 1011 3436 tactos,
1027 3374 1153 3424 malornm

101 3446 187 3498 scilicet
201 3450 379 3512 punitionem,
393 3446 556 3496 othonorum
572 3449 685 3509 requiem
699 3450 724 3496 et
737 3444 864 3496 solatium.

126 3513 161 3564 io
173 3517 239 3568 idem
251 3516 382 3568 collimant
391 3527 479 3565 versus
498 3519 512 3565 8
532 3519 558 3564 et
569 3519 602 3576 9,
618 3515 660 3564 ubi
678 3515 708 3564 de
726 3513 852 3564 malorum
868 3514 1016 3574 punitione;
1027 3517 1051 3562 at
1066 3525 1153 3564 versus

103 3586 127 3632 tii
137 3620 144 3643 ,
155 3587 197 3636 ubl
209 3588 240 3637 de
251 3587 376 3636 bonorum
388 3584 483 3647 gloria;
500 3589 526 3635 et
541 3584 597 3635 ideo
608 3584 675 3634 hanc
686 3583 738 3632 dixi
750 3581 892 3633 naturalem
909 3601 915 3630 a
933 3581 976 3631 scd
992 3581 1024 3631 ad
1035 3583 1119 3633 verba.

128 3659 358 3724 incomplutam
371 3662 409 3708 est
420 3696 426 3719 ,
439 3661 466 3708 ln
477 3659 651 3721 prejudicium
661 3659 725 3720 iusti
737 3657 831 3719 judicii
845 3658 872 3704 in
885 3657 990 3719 impios,
1003 3657 1098 3707 scilicet
1109 3660 1151 3718 qui

101 3735 141 3774 aas
157 3732 357 3791 persequantur,
372 3726 452 3776 laturi
467 3741 474 3775 a
489 3731 511 3777 si
532 3730 602 3777 enlm
619 3731 644 3776 at
666 3729 692 3775 iu
712 3738 756 3774 vos
772 3727 852 3784 iustos
874 3723 939 3775 Deus
962 3737 1031 3776 nunc
1050 3731 1152 3787 apparot

104 3797 283 3859 meminimus,
303 3797 399 3860 quanto
420 3797 530 3846 sonorior
550 3798 598 3846 orit
619 3792 755 3856 aliquando
773 3794 801 3842 tn
824 3794 916 3856 impios
933 3795 978 3856 qut
994 3805 1039 3843 vos
1060 3795 1153 3854 iniuste

105 3868 294 3926 inmqnunturl

131 3937 158 3986 st
171 3941 198 3988 in
216 3941 296 3991 uirida·
311 3939 421 4002 tiano...
438 3941 466 3990 a'n
481 3938 556 3987 crido
574 3937 637 3998 auid
648 3935 709 3998 petr

133 4004 156 4054 Si
169 4011 239 4070 iustis
255 4021 308 4060 non
322 4014 422 4074 parcit,
437 4009 481 4059 aed
497 4019 540 4060 cos
555 4007 629 4082 punit
642 4005 724 4067 licus,
736 4010 764 4056 ut
782 4005 897 4080 puriilcct
907 4009 932 4055 et
944 4002 1052 4066 amptius
1063 4003 1152 4052 sancti·
