2670 4542
195 337 230 386 50
277 368 281 375 -
341 333 501 398 SECUNDAE
519 332 694 388 Ertstotre
712 335 757 386 Au
776 334 1110 388 THESSAbONtCENSES

208 537 1267 572 muccosumuomomemonum·numnemomentaneum!m·

369 724 628 809 ANALYSIS
656 725 866 808 CAPITlS
894 727 1086 809 TERTII.

195 1077 493 1172 Tuusottoruonusrurr
510 1113 652 1168 orationes
664 1113 816 1182 interpolat
827 1154 835 1178 ,
846 1115 873 1183 51.
886 1119 901 1168 t
912 1154 921 1182 ,
931 1118 959 1167 2.

230 1201 278 1255 Eis
291 1200 416 1254 vicissim
426 1198 559 1253 auxilium
568 1199 619 1254 Dei
630 1198 782 1266 promittit,
795 1197 823 1266 7.
837 1201 864 1252 5.

231 1284 349 1338 confidit
361 1282 450 1349 qnod,
463 1285 520 1335 Deo
529 1281 658 1350 juvante,
670 1294 720 1334 sua
734 1287 872 1349 praecepta
884 1281 1048 1348 servabunt,
1059 1282 1087 1350 j.
1097 1287 1115 1335 t
1126 1323 1133 1346 ,
1144 1290 1173 1338 ct
1182 1283 1222 1338 oh
1235 1285 1267 1338 td

195 1371 284 1422 Deum
296 1371 376 1431 orat,
390 1365 417 1434 J.
431 1369 458 1419 5.

230 1449 358 1517 haeopit
377 1462 443 1516 ergo
461 1453 493 1502 ut
514 1449 621 1502 otiosos
638 1453 667 1501 ct
678 1448 819 1515 inquietos
836 1447 936 1512 vitent,
949 1448 1008 1516 Μ
1027 1464 1035 1502 t
1051 1447 1112 1515 ipse
1124 1449 1202 1515 apud
1213 1463 1267 1502 eos

196 1547 253 1587 non
262 1532 329 1585 vixit
340 1531 448 1585 otiosus
458 1571 466 1594 ,
476 1532 526 1584 sed
535 1531 581 1584 dio
592 1537 731 1598 nocteque
742 1531 889 1595 laborant,
900 1529 927 1598 5.
939 1534 955 1582 't
965 1570 973 1594 ,
983 1533 1009 1596 8,
1021 1534 1039 1584 9
1050 1547 1057 1584 2
1071 1530 1168 1598 itaquo
1179 1533 1266 1586 otiosi

196 1615 233 1667 ad
251 1614 434 1668 laborandum
452 1618 650 1676 coerceantur,
663 1613 692 1681 5.
712 1616 762 1678 to,
777 1616 831 1676 tt,
844 1615 889 1665 ta.
903 1613 983 1676 Quod
1003 1614 1027 1666 si
1039 1613 1103 1680 quis
1114 1628 1216 1668 eorum
1228 1617 1267 1669 sit

197 1703 361 1761 contumax,
375 1702 503 1761 notetur,
517 1700 549 1748 ut
564 1694 680 1760 vitetur,
693 1695 720 1763 y.
733 1698 769 1747 tt
782 1711 790 1748 ε
802 1709 861 1748 uon
877 1701 970 1748 tamen
982 1702 1014 1749 ut
1030 1696 1162 1751 inimicus
1178 1712 1266 1766 sepa-

197 1785 289 1845 retur,
301 1779 351 1834 sed
362 1785 394 1834 ut
402 1779 487 1832 frater
498 1779 668 1845 corrigatur,
680 1777 708 1845 ᾗ.
720 1781 766 1831 t5.

231 1863 357 1932 Denique
368 1877 466 1930 paoem
478 1862 519 1916 eis
530 1866 696 1929 apprecatur
707 1867 735 1915 et
752 1863 884 1929 gratiam,
898 1863 926 1931 j,
938 1865 992 1929 to,
1011 1872 1064 1919 etc.
