2622 4552
302 283 818 350 ruretexnxbostr10.,ctu.
837 293 870 344 Χ.
906 347 913 359 ,
1062 295 1115 350 550

52 377 238 444 spectaculum
254 376 319 432 tacti
336 395 345 432 c
362 380 390 432 in
406 381 493 436 altero
517 380 652 434 mentium
664 386 799 448 participes
809 397 854 450 per
864 385 1015 442 charitatem
1022 389 1113 442 etuti.

51 456 242 520 autem‚socii
262 456 353 512 taliter
373 470 493 512 convu-

51 533 170 586 santium
179 529 283 590 cuccari

80 613 202 664 ultam
210 620 236 666 ct
245 612 345 668 vinctis
352 613 492 680 compassi
544 614 608 667 llam
619 621 644 666 et
653 619 684 667 tis
698 619 743 682 qul
756 629 802 683 pro
814 618 915 670 christo
933 622 1012 671 tincti
1024 628 1111 683 erant,

50 690 132 754 3213,
153 696 183 743 οι
202 691 330 756 rapinam
351 691 491 746 pomum
514 686 1111 748 compassiestisseurnmquedolorsdolutetis.

49 773 205 822 rmlrorum
226 768 411 837 cummunio
426 782 491 822 sns-
515 752 718 834 eitlireptionem
733 753 883 806 laenitatem
900 760 1042 808 vestrarum
1060 771 1112 808 non

48 846 175 912 capim,
206 840 410 914 cbgnooeenoe,
442 859 491 900 m
546 823 927 890 trentertantrinptulistia,sed
941 830 967 876 et
981 825 1112 889 hilariter.

48 923 148 977 isses
165 923 311 978 meroem
327 928 358 978 ss
372 936 491 978 manen.
513 885 1113 1022 maggggiffifflffiffigsswut·

47 1009 100 1056 iem
112 999 310 1055 substantiam.

10 1117 11 1120 ,
78 1081 342 1146 canonumque
363 1081 489 1136 amittere
543 1071 862 1138 reclamantemque
875 1076 944 1139 spur
957 1076 1037 1128 mum
1053 1088 1112 1141 ores

46 1156 243 1210 confidentiam
275 1161 400 1212 vestram
426 1170 490 1224 φη)
512 1145 657 1204 meriti‚ne
668 1156 713 1208 per
729 1143 904 1195 infidelitatem
919 1145 1029 1208 perdatis
1044 1145 1111 1195 ildu-

47 1247 174 1302 rnagnam
187 1233 271 1287 habet
284 1233 489 1287 remuneratio,
512 1211 579 1261 uiam
592 1215 664 1262 unta
679 1211 796 1263 mercede
815 1211 915 1262 huenut
928 1231 934 1262 s
946 1217 1010 1264 stete
1028 1215 1112 1276 itaque

48 1323 108 1361 pem
512 1281 537 1330 et
547 1283 712 1341 perseverate.

78 1389 121 1438 56.
144 1377 281 1438 Patientia
303 1385 378 1439 enim
407 1385 489 1439 vobis
541 1379 665 1434 Patientia
685 1385 755 1432 enlm
774 1385 804 1433 et
828 1387 1012 1445 perseverantia
1040 1377 1111 1434 vobis

46 1462 201 1516 successoria
215 1467 256 1515 est
265 1463 489 1526 ;utsoluntatem
511 1453 715 1510 nffliiffli·
727 1455 846 1513 utusque
866 1452 894 1500 ¹ss
909 1449 987 1502 flntm
1006 1451 1050 1502 bai
1064 1463 1111 1502 vt·

74 1636 253 1700 Spectaculum
271 1636 341 1698 sceti.
360 1636 404 1687 Gr.
422 1639 450 1687 in
462 1633 591 1686 theatrum
604 1635 719 1697 protecti
730 1671 737 1695 ,
749 1634 776 1684 itt
785 1638 839 1695 est,
856 1647 941 1685 coram
953 1635 1071 1686 omnibns
1082 1639 1109 1687 tn

44 1705 144 1754 theatris
155 1703 266 1766 publicis
277 1704 310 1754 ati
322 1703 464 1754 lutttbrium
480 1705 586 1766 expositi
600 1703 693 1752 inistis.
1071 1745 1079 1758 ,

72 1773 122 1822 ben
139 1771 270 1824 rrulorum
285 1783 376 1834 genem
395 1773 423 1822 in
436 1774 577 1834 semetipsis
593 1771 735 1822 tolertrunt
748 1771 854 1824 Hebraei.
871 1771 973 1834 Prunb,
992 1773 1109 1824 infamati

43 1850 101 1894 sunt
112 1849 139 1894 et
149 1844 226 1906 quast
241 1843 279 1892 rei
295 1842 438 1905 plecterent,
455 1841 554 1905 publice
571 1853 617 1904 per
635 1841 764 1892 theatrum
778 1842 889 1892 traducti
906 1847 932 1892 et
947 1843 979 1892 ab
990 1843 1109 1894 omnibus

47 1915 120 1962 irrisi.

70 1982 203 2044 mundo,
217 1982 291 2032 bonis
302 1984 356 2033 suis
368 1981 468 2044 spoliati
484 1984 546 2032 sunt
560 1984 587 2030 et
600 1979 805 2030 tribulationibus
824 1980 924 2030 suncti.

71 2053 163 2102 Gravis
183 2065 225 2103 res
243 2055 281 2102 est
297 2052 476 2114 opprobrium.
494 2055 521 2102 et
537 2049 635 2100 idonea*
646 2049 679 2098 ad
695 2052 810 2098 mimam
830 2047 1042 2111 subvertendam,
1070 2053 1109 2100 eit

46 2122 71 2173 b.
86 2123 301 2186 Chrysosiomus;
319 2121 363 2172 sed
380 2121 461 2172 multo
481 2121 579 2182 gravior
599 2118 700 2182 quaero
719 2131 805 2168 coram
819 2119 937 2168 omnibus
951 2122 1010 2180 puts
1022 2132 1109 2183 expro-

44 2193 150 2248 braturi
171 2193 319 2254 gravissim
332 2191 434 2253 amnuo
450 2189 551 2254 publice
563 2191 622 2251 quie
635 2187 754 2240 irridetur
766 2188 843 2238 simui
854 2193 879 2238 et
889 2189 1041 2253 tribuletur,
1055 2193 1107 2240 eta

40 2262 179 2312 tribulante
191 2260 319 2310 irridetur.

67 2332 128 2382 llaec
140 2336 229 2382 autern
240 2333 326 2381 omnia
339 2329 457 2393 exprimit
467 2328 599 2394 Apostolus
610 2327 716 2380 dicens:
733 2328 883 2392 opprobriis
897 2334 919 2378 et
935 2328 1105 2380 tribulationi-

44 2405 90 2454 bus
106 2403 280 2466 spectaculum
297 2402 366 2465 facti.

67 2481 98 2528 ta
117 2479 200 2526 aiteio
215 2484 307 2526 cutem.
322 2476 365 2526 Gr.
380 2475 542 2538 herentem,
554 2489 606 2528 seu
620 2478 714 2539 partlm
727 2476 788 2527 verb
808 2475 892 2528 taliter
908 2480 1107 2528 cucumerarium

37 2549 109 2596 soni.
124 2547 170 2596 Gr.
184 2548 414 2596 communicantes.
426 2546 482 2607 syr.
495 2552 521 2598 et
533 2551 661 2596 consortes
674 2545 758 2596 inistis
774 2545 910 2596 leominuru
921 2549 965 2608 qut
975 2546 1035 2597 talia
1049 2559 1107 2610 per·

38 2615 171 2672 tulerunt,
185 2611 212 2662 ttl
224 2616 278 2680 est,
289 2617 315 2664 et
328 2625 372 2676 per
385 2615 586 2676 compassionem
605 2614 812 2662 communicastis
826 2612 884 2662 aliis
892 2605 970 2673 ,'irtec
981 2613 1107 2664 malorum

35 2695 129 2744 genera
140 2681 311 2744 patientibus,
330 2683 411 2743 iisque
424 2680 549 2744 intrepide
560 2681 739 2739 succurristie,
758 2683 899 2730 necessaria
913 2679 1105 2743 suppeditando.

65 2755 158 2814 tuque
171 2750 266 2800 liebraei
279 2764 324 2814 pro
335 2750 384 2801 ilde
392 2754 418 2800 ct
428 2751 456 2800 tn
468 2763 495 2800 se
508 2749 608 2800 realiter
624 2751 692 2810 passi
706 2752 782 2809 eunt,
796 2750 860 2798 etin
873 2749 931 2798 aliis
942 2763 986 2811 per
997 2747 1106 2800 charita·

35 2826 87 2870 tcm
100 2821 231 2882 compassi
243 2817 622 2882 sunt3t1nodclariusinversu
634 2818 749 2880 sequenti
762 2817 850 2866 ordine
861 2820 969 2867 inverso.

66 2905 110 2956 tt.
130 2903 198 2954 Nom
212 2909 235 2953 et
253 2904 351 2954 uinctis.
370 2902 413 2953 Gr.
431 2903 525 2952 etenim
544 2900 655 2950 vinculis
673 2902 755 2958 meis,
774 2904 799 2950 et
814 2902 850 2950 ita
861 2900 886 2950 S.
899 2899 1104 2966 chrysostomus,

34 2970 204 3033 responsuri,
218 2973 262 3024 sed
275 2973 331 3038 Syr.
341 2975 368 3022 et
378 2976 463 3023 noctu
472 2972 614 3032 interpres,
628 2967 732 3024 δεσμίους
744 2967 876 3032 legerunt,
887 2969 913 3020 itl
924 2975 977 3032 est.
991 2969 1104 3024 fidelihus

35 3048 143 3106 propter
160 3041 235 3092 iidem
254 3043 426 3092 incarceratis.
1078 3063 1080 3068 ·

63 3113 179 3162 Gravem
192 3112 393 3173 persecutionem
402 3109 483 3160 ludaei
498 3108 629 3160 christiani
640 3107 803 3171 lerosolymie
814 3111 881 3171 pessi
893 3113 954 3159 sunt
970 3113 1027 3172 pest
1037 3122 1105 3160 nrur·

36 3186 91 3230 tem
110 3179 141 3228 b.
159 3177 407 3241 stephanumque
428 3178 484 3228 hat.
506 3183 543 3228 tt.
561 3182 600 3230 19.

65 3257 102 3304 Et
115 3254 238 3316 rapinam
249 3252 372 3302 bonorum
384 3258 533 3302 uulnerum.
549 3251 592 3302 Gr.
609 3253 801 3304 subsistentium
814 3257 970 3313 vestrorum,
987 3265 1035 3316 eeu,
1043 3253 1104 3302 sub·

31 3324 210 3383 stantiarum,
225 3320 252 3371 iti
268 3325 322 3382 est,
340 3321 465 3371 bonorum
486 3323 564 3370 etiarn
579 3319 613 3370 ati
631 3320 819 3372 subsistentiam
836 3323 1045 3371 necessariorum.
1164 3340 1165 3343 ¹

65 3401 134 3449 Cum
153 3397 267 3458 paucio,
286 3399 345 3459 quia
365 3395 414 3445 title
428 3394 545 3444 sciebatis
557 3409 604 3444 uos
621 3395 748 3446 meliorem
765 3396 856 3446 babere
867 3395 1049 3453 substantiam,
1060 3395 1105 3444 ilr-

30 3480 107 3518 mam
118 3503 126 3527 ‚
139 3463 254 3516 stabilem
267 3469 292 3516 ct
300 3477 356 3527 qua
367 3465 448 3528 p'crire
460 3475 511 3514 non
522 3466 619 3524 potest.
634 3463 714 3514 licum
724 3477 816 3528 nempe
830 3469 855 3514 et
868 3468 961 3514 aterna
972 3463 1017 3512 liei
1027 3463 1103 3526 bona,

30 3541 59 3586 in
73 3547 154 3598 quem
164 3536 207 3596 lus
222 3532 298 3582 habet
308 3534 352 3596 qui
363 3532 563 3596 persecutionem
578 3533 672 3593 patitur
685 3537 786 3596 propter
800 3531 935 3592 iustitiam.

66 3619 111 3668 35.
122 3615 206 3667 Nolite
216 3615 303 3678 itaque
313 3616 427 3665 omittere
442 3613 625 3678 confidentiam.
637 3613 681 3663 Gr.
693 3613 830 3674 fiduciam,
843 3626 887 3675 pcr
898 3609 1081 3674 metonymiam
1096 3650 1103 3671 ‚

30 3701 88 3750 una
99 3687 205 3750 ponitur
217 3689 291 3736 actus
303 3696 349 3748 pro
366 3683 473 3744 oirieeto.

64 3753 97 3806 td
109 3757 164 3814 est,
179 3765 212 3802 ne
225 3751 335 3815 perdatts
348 3754 432 3812 itaque
445 3751 576 3800 thesauros
585 3753 623 3800 tot
633 3749 760 3800 laboribus
770 3753 796 3800 ct
805 3749 896 3813 preliis
905 3751 1062 3811 acquisitos,
1079 3753 1105 3800 et

31 3835 104 3886 quoe
119 3820 261 3872 contidistts
274 3823 419 3883 recepturos
431 3820 458 3868 in
471 3818 558 3879 cotie,
568 3823 691 3882 tanquam
704 3819 828 3870 mercedis
839 3819 1040 3868 retributionem.

64 3907 108 3955 36.
120 3903 251 3954 Puiieruio
263 3901 334 3952 uobis
349 3903 488 3954 maurusio
506 3907 557 3959 est,
581 3901 673 3961 idest,
690 3906 718 3956 ut
733 3900 841 3964 explicat
851 3899 880 3950 b.
893 3898 1103 3962 chrysostomus,

33 3986 93 4026 uno
109 3971 164 4024 solo
174 3969 245 4022 vohis
261 3983 324 4034 opus
335 3973 389 4031 est,
401 3975 429 4022 ut
440 3971 622 4034 perseveretis,
641 3971 778 4036 poliectiaa
791 3967 969 4032 longanimitas
981 3969 1052 4020 cobis
1061 3982 1105 4019 nc·
