2612 4542
302 237 479 298 huruuua
493 239 718 299 uxuosmd.
737 241 819 299 CAP.
836 243 886 299 tv.
1087 247 1126 302 93

98 335 122 388 3.
144 331 356 390 Prohibentium
379 335 502 401 nubere,
559 335 605 399 Qui
625 337 720 389 nubere
734 337 919 401 prohibebunt,
933 339 959 388 st
976 339 1123 402 precipiens

68 410 198 490 abstinere
217 411 236 466 a
255 413 328 466 cipis
344 427 417 482 quos
432 417 505 468 pens
527 404 840 468 abstineretclbie„quos
854 406 920 458 bens
935 409 1029 457 ermuli
1044 409 1074 456 ut
1090 409 1124 470 iis

92 579 160 632 Sicut
170 594 202 631 ex
213 595 290 632 carne
301 585 441 646 perignem
456 549 561 634 muteris
573 583 691 645 eonuptt
699 582 824 644 egreditur
833 583 939 645 putredo
950 602 957 633 ι
970 585 1004 633 lta
1017 597 1048 636 ex
1059 599 1123 636 eon·

67 650 220 769 {egeeffihaapg
231 652 451 770 lffllsalsfflmae
460 651 599 702 voluntatis
608 649 719 702 meeraid
730 650 856 714 egreditur
868 650 929 702 ialsa
941 651 1122 706 demoniorum

93 753 301 847 iluimtiruenda
319 754 420 850 inune,
431 791 458 839 et
469 788 504 840 ab
516 785 635 839 omnibus
653 787 764 840 cavenda
783 792 840 840 tum
862 791 955 839 ruentis
973 790 1122 851 curiositas,

68 859 117 906 tuna
136 855 220 906 cordis
235 859 387 919 perversitas
406 858 562 907 senriositns
578 858 685 918 montis,
702 858 822 919 inquam,
837 868 870 906 na
886 857 1016 920 spiritibus
1032 861 1124 908 erroris

66 937 147 974 summ
157 925 284 988 prebeat3
295 927 447 989 peruersitas
462 927 548 974 autern
560 925 659 986 cordis,
670 937 703 975 nc
714 927 839 988 pervertat
853 928 878 975 ot
887 928 1016 976 menteml

91 1011 117 1076 3„
126 1005 323 1058 Prohibendam
335 1007 444 1066 nobee,
452 1005 701 1065 obetmmdoibie...
710 1007 755 1058 Est
767 1006 811 1058 hle
822 1005 916 1070 ellipsis
928 1009 1122 1073 eontrarll,soi·

67 1073 119 1128 lieet
131 1078 335 1140 praeoipleuttum
345 1078 483 1128 abstinere.

91 1145 210 1196 Omnibus
219 1148 360 1208 generatim
370 1147 476 1210 depictis
484 1147 621 1198 heresibus
632 1149 657 1197 ιι
669 1143 857 1208 heresiarchis,
868 1160 938 1198 nnnc
950 1145 1013 1200 duas
1024 1147 1121 1212 specia-

67 1217 108 1266 tim
122 1221 193 1266 notat
212 1217 336 1277 haereses,
351 1229 407 1280 quae
418 1219 472 1279 lam
487 1221 544 1268 tum
562 1219 665 1268 initium
680 1223 812 1281 ceperant,
824 1221 861 1269 alt
874 1219 904 1269 li.
921 1219 1120 1283 Chrysostomus.

90 1282 218 1336 llaniohaei
231 1284 337 1347 quidem
348 1285 487 1338 docuerunt
499 1286 625 1349 nuptiasb
640 1284 707 1336 malo
718 1285 782 1347 lieo,
791 1298 836 1336 seu
850 1285 962 1336 damone
977 1289 1120 1349 institutas;

66 1365 160 1402 carnem
172 1391 180 1414 ,
192 1357 301 1413 vinum,
316 1359 365 1406 eto.
377 1355 408 1405 ab
420 1355 508 1406 codem
521 1354 589 1405 malo
602 1356 652 1405 lieo
663 1359 762 1414 ereata,
774 1367 804 1403 eo
817 1353 922 1417 proinde
943 1354 1011 1405 mala
1028 1367 1081 1406 esse
1097 1363 1122 1404 nt

67 1420 205 1473 hominibus
219 1424 347 1486 canenda,
358 1437 391 1474 ne
406 1425 509 1477 illorum
520 1423 668 1474 inficiantur
680 1435 740 1474 usn.

90 1490 136 1541 Sed
146 1495 307 1556 nouprimus
318 1493 345 1544 id
356 1493 441 1544 docuit
457 1493 542 1544 Manes
550 1513 559 1554 ;
575 1491 750 1556 Apostolorum
765 1495 835 1543 anim
852 1495 965 1556 tempore
978 1492 1028 1543 hoc
1039 1495 1121 1557 ipsum

65 1561 165 1613 docuere
175 1563 318 1616 Simoniani
329 1568 354 1614 et
365 1564 510 1616 Saturniani
517 1602 525 1626 ,
532 1564 668 1627 Ebionitai,
681 1565 770 1615 deinde
781 1563 887 1616 docudro
895 1563 1046 1615 llarolonltae
1054 1599 1062 1624 ,
1069 1563 1121 1616 Eu-

65 1633 153 1680 cratitau
160 1667 170 1693 ,
181 1633 324 1684 llanicbael.
341 1633 402 1684 llide
413 1632 558 1684 Cornelium
570 1633 702 1697 dbapide,
714 1634 830 1695 Estlum,
844 1633 979 1696 Tyrinum.

93 1701 141 1750 llus
152 1705 250 1765 primos
264 1702 397 1754 haereticos
409 1701 579 1760 verisimiliter
589 1703 718 1754 Timotheo
734 1703 847 1766 designet
855 1703 996 1766 apostolus.

88 1768 158 1820 Forte
170 1774 196 1821 et
209 1771 274 1822 ellos
287 1783 319 1822 er
331 1771 415 1822 schola
426 1771 589 1836 pythagorica
603 1773 691 1833 natos,
700 1783 810 1834 quornm
821 1773 941 1836 precipui
958 1775 1030 1824 eruut
1041 1771 1120 1836 blagi,

65 1837 122 1887 einh
133 1838 285 1904 animalium
300 1852 344 1889 esu
356 1839 523 1890 abstinebant.

88 1905 157 1956 Forte
169 1909 195 1956 ιι
210 1909 297 1971 ipsum
305 1905 466 1971 Apollonium
478 1907 650 1970 llryanaenm,
662 1909 707 1972 qui
722 1907 770 1960 init
784 1903 961 1972 pythagoricus
978 1911 1004 1957 ιι
1018 1905 1119 1970 mapale,

63 1977 134 2036 etqui
142 2012 151 2038 ,
160 1975 295 2026 Timotheo
306 1977 420 2037 vivente,
428 1976 474 2026 init
483 1974 621 2040 Ephesum.

89 2059 281 2109 mrssnsansro
297 2071 325 2108 ru
336 2069 478 2110 nosrnarns
495 2057 746 2109 ennarrans-Sed
758 2058 818 2109 sane
827 2056 935 2108 ridicula
946 2061 984 2108 cst
993 2056 1120 2108 heretico-

64 2140 116 2182 rum
130 2129 277 2189 temeritas,
292 2138 348 2189 quae
361 2127 408 2178 hos
418 2138 515 2179 errores
531 2125 651 2182 Ecclesiae
663 2125 793 2178 catholice
806 2126 883 2177 audet
895 2128 1049 2191 impingere,
1062 2125 1120 2176 cunr

61 2198 109 2260 ipsa
118 2199 239 2248 veritates
250 2196 339 2247 doceat
349 2195 389 2246 his
402 2196 528 2246 erroribus
538 2195 674 2258 oppositas.

87 2267 221 2318 bibulus
235 2267 349 2329 loquitur
357 2265 389 2316 do
403 2265 528 2318 baeretlcls
538 2267 583 2329 qui
592 2266 694 2328 nuptias
706 2263 861 2318 damnabant
874 2268 903 2316 ut
912 2263 1013 2318 illicitas
1022 2264 1053 2327 ,ii
1066 2265 1120 2316 dec·

61 2349 131 2388 mone
145 2339 287 2387 institutas.
550 2335 554 2344 ”

89 2404 199 2456 Ecclesia
212 2406 315 2467 nuptias
327 2403 413 2454 laudat
428 2405 547 2456 athenas
561 2409 570 2455 ι·
581 2405 773 2454 matrimonium
785 2406 914 2454 reveretur
929 2407 958 2454 nt
972 2415 1119 2456 moramen-

61 2479 112 2526 tnm
127 2476 142 2525 d
155 2475 258 2527 Christo
269 2473 377 2526 bomine
391 2476 555 2534 institutum,
569 2473 681 2537 illudque
691 2473 765 2526 docet
779 2479 896 2525 mucium
906 2510 914 2536 ,
925 2487 1047 2537 magnum
1056 2511 1062 2534 ,
1072 2473 1119 2524 ho·

60 2546 178 2598 notabile.

88 2616 212 2680 Equidem
221 2617 393 2679 virginitatem
402 2617 425 2667 ei
436 2614 552 2681 prefert,
565 2619 595 2666 nt
609 2612 821 2667 honorabiliorem
837 2617 863 2664 et
873 2614 1046 2678 pretiosiorem
1056 2626 1064 2662 ι
1075 2613 1119 2664 scd

60 2691 223 2747 argentomus
234 2685 340 2736 damnat
354 2688 397 2747 qui
409 2687 432 2736 el
443 2683 543 2749 prefert
553 2686 665 2735 nurum?

88 2755 206 2816 Quinimo
216 2792 223 2816 ,
233 2754 346 2805 Ecclesia
358 2756 529 2817 virginitatem
541 2757 570 2804 ut
580 2751 744 2806 matrimonio
754 2751 927 2816 pretiosiorem
940 2749 1082 2810 laudando,
1093 2757 1119 2800 et

61 2826 252 2874 matrimonium
262 2821 349 2872 laudat
359 2826 388 2873 nt
398 2824 547 2885 pretiosum.
558 2839 561 2848 ·

89 2892 205 2952 Etenim,
220 2895 251 2940 nt
267 2891 332 2941 bene
347 2888 548 2954 theophylactus
558 2891 607 2949 eli,
617 2889 686 2952 qnod
695 2889 828 2952 pretiosius
839 2891 892 2949 cst,
905 2887 1013 2951 pretioso
1024 2889 1118 2951 pretio·

61 2962 109 3011 sius
122 2965 210 3022 est3et
225 2960 293 3024 quod
304 2960 395 3010 melius
410 2964 462 3021 est,
476 2960 542 3010 hono
553 2960 645 3011 mellus
656 2964 708 3019 est,
722 2971 773 3008 non
786 2958 862 3008 malo.
1105 2973 1110 2979 ·

90 3031 135 3092 Qui
146 3043 206 3093 ergo
221 3033 319 3093 potest,
332 3031 483 3091 uirginitatis
497 3040 591 3078 euram
606 3029 713 3079 retineat
720 3047 729 3091 ς
740 3029 761 3078 sl
774 3028 834 3078 vero
854 3039 905 3079 non
923 3029 1016 3091 possit,
1028 3039 1118 3090 arpen-

62 3101 112 3150 tum
123 3101 283 3152 matrimonii
299 3101 413 3162 recipiat.

89 3169 134 3220 Sed
144 3207 152 3232 ,
164 3170 281 3233 inquies,
291 3169 393 3230 nuptias
404 3164 534 3216 initiandis
546 3163 669 3229 probibet.
717 3174 722 3182 ·

79 3238 194 3290 Eateorr
718 3245 720 3252 ⁴

88 3308 150 3371 Ergo
161 3309 267 3371 nuptias
282 3305 413 3368 prohibct=
459 3311 461 3314 ·

80 3375 351 3428 llocestnonantlum
363 3373 509 3437 sophisma,
521 3372 537 3420 d
548 3370 615 3422 dicto
633 3371 772 3422 secundum
785 3372 845 3434 qaid
854 3370 888 3422 ad
905 3369 1001 3422 dictum
1016 3366 1117 3432 simpli-

59 3447 128 3497 citer.
878 3477 882 3486 ·

89 3515 161 3576 Quasl
171 3517 232 3578 pais
243 3515 338 3564 diceret
349 3523 358 3562 ε
371 3510 502 3575 Apostolus
512 3509 623 3570 Panlus,
635 3522 691 3573 cap.
707 3512 730 3559 5.
748 3511 784 3558 12.
796 3508 874 3569 huius
884 3507 1011 3570 epistole,
1026 3504 1115 3556 vidua-

59 3595 113 3633 rum
126 3585 277 3646 eonjugium
291 3581 394 3630 damnat
406 3589 462 3642 quae
474 3584 531 3644 post
541 3579 703 3630 continentie
712 3581 799 3626 uotum
815 3577 936 3626 nubunt:
955 3585 1013 3636 ergo
1023 3573 1114 3625 Paulus

62 3650 160 3703 damnat
175 3652 337 3712 conjuginm.
987 3681 990 3689 Δ

88 3720 172 3784 ltaque
187 3720 305 3771 Ecclesia
318 3729 370 3767 non
381 3716 496 3784 prohibet
511 3714 642 3764 initiandis
652 3717 752 3777 nuptias
766 3714 837 3774 quasi
853 3709 932 3762 malas
942 3732 948 3773 3
960 3713 1003 3764 sed
1013 3713 1115 3764 caelibe-¹

60 3793 109 3840 tum
120 3791 230 3841 initiatis
243 3787 374 3851 praeelpli,
387 3788 417 3834 ut
427 3797 473 3835 suo
487 3784 564 3834 statui
573 3785 827 3836 ‚convenientiorem-2
840 3780 910 3834 hune
920 3785 1005 3832 antem
1020 3785 1114 3832 statum

62 3859 350 3992 regngarfflprlrgqmmr
362 3925 393 3977 de
403 3911 541 3988 hereticis,
557 3923 600 3985 qui
612 3921 680 3974 eibos
689 3917 853 3984 prohtbehent
866 3922 896 3972 ut
904 3918 991 3976 mulos.
1004 3977 1012 3990 ,
1037 3990 1041 3998 .
