2670 4542
510 283 733 338 PRAEFATIO.
1129 289 1149 336 Β
1216 323 1220 334 ,

88 373 183 455 primo
196 393 240 440 ex
260 377 331 459 ipsa
347 379 492 460 Epistola
510 378 609 458 serie,
630 394 700 458 qum
711 375 891 442 manifestat
911 374 996 457 quod
1008 376 1145 441 secunda

87 480 137 557 sit,
149 484 182 544 et
196 480 331 545 alterius
343 483 606 563 complementum
626 480 720 546 :ride
732 481 894 562 hucusque
912 480 1007 545 diota.

120 582 285 662 seeundo,
313 602 355 649 en
374 587 443 667 ipso
460 589 554 650 textu
580 583 689 667 capitis
708 583 859 663 secundi,
877 588 912 656 i.
934 584 990 660 14,
1013 583 1145 662 primam

86 689 206 754 sitente.
221 691 364 772 Denique
377 708 420 754 ex
431 707 472 755 eo
484 687 570 770 quod
581 688 615 753 id
633 692 754 754 asserat
766 689 908 766 Grotius,
919 688 1004 752 nullt
1021 687 1146 751 fulcitus

87 795 270 860 auctoritate
284 814 293 858 t
307 795 425 859 nullam
434 795 518 858 enim
531 795 625 874 citat,
640 794 726 858 nullt
738 792 860 857 ratione
871 792 1039 871 stabilitum
1052 808 1146 872 quam

88 898 165 960 enim
178 898 278 962 affert
287 947 297 977 ,
307 900 394 962 nulla
405 917 534 980 prorsus
548 903 609 963 est.

119 1003 217 1081 llup’us
240 1003 291 1066 rei
311 1007 533 1085 argumentum
555 1005 625 1083 est,
639 1001 739 1082 inqrrit
756 1002 881 1066 Grotius
894 1001 926 1064 in
944 1001 1144 1081 pretatione,

86 1103 164 1183 quon
176 1109 296 1171 manus
312 1125 379 1172 sue
392 1107 518 1188 signum
532 1109 700 1187 Apostolus
715 1107 783 1171 vult
791 1105 969 1185 observari,
983 1105 1069 1184 quod
1081 1122 1146 1168 non

88 1209 230 1290 lenisset,
250 1211 282 1275 si
297 1212 365 1290 iam
377 1210 452 1276 alite
466 1211 653 1292 scripsisset.

118 1318 208 1395 llaee,
231 1317 384 1404 inquam,
409 1317 490 1381 ratio
507 1317 592 1379 nulla
610 1333 741 1397 prorsus
761 1316 911 1398 :apponit
923 1315 1005 1378 enim
1022 1313 1146 1394 signum

86 1420 168 1484 dirus
181 1423 323 1499 Paulus,
344 1422 435 1502 quia,
457 1421 539 1486 sieut
553 1422 620 1501 jnm
632 1421 717 1496 dixi,
732 1421 987 1501 supponebantur
1002 1419 1146 1500 Epistolae

88 1517 180 1604 lalsae,
193 1523 231 1588 ut
249 1541 338 1588 verae
356 1524 502 1589 seilicetl
517 1521 721 1606 supposititiis
734 1524 995 1588 discernerentur.

120 1629 273 1707 Ejusdem
293 1629 463 1710 opinionis,
481 1630 585 1711 quoad
598 1629 768 1695 secundam
781 1631 832 1694 sut
848 1631 985 1712 partem,
1008 1629 1144 1707 falsitas,

87 1750 137 1795 sen
151 1731 239 1812 quod
258 1733 342 1797 falsa
367 1726 409 1798 sit
431 1731 645 1815 interpretatio
663 1735 759 1798 Grotii
779 1733 819 1797 de
839 1733 976 1821 Caligula
995 1736 1028 1797 et
1049 1733 1089 1796 de
1105 1733 1148 1796 Si·

86 1855 172 1926 pmne
186 1842 303 1921 Mage,
317 1837 473 1904 videbitur
486 1858 544 1905 suo
557 1843 643 1920 loeo,
658 1841 759 1921 eapite
777 1841 935 1919 seeundo,
949 1843 981 1912 i.
999 1848 1047 1902 11.
1169 1881 1175 1890 -

120 1943 235 2024 Porro,
251 1944 311 2008 ubi
332 1948 365 2008 et
377 1945 502 2025 quando
517 1945 631 2026 scripta
648 1945 689 2008 sit
707 1947 774 2010 liaeo
788 1945 940 2026 Epistola,
954 1961 1020 2007 non
1032 1961 1147 2008 eonve-

87 2050 168 2114 niunt
180 2052 340 2114 Doctores
357 2052 584 2114 :communiter
601 2053 722 2128 tamen,
733 2048 1004 2129 postltaronium,
1022 2052 1148 2129 putatur

10 2153 11 2184 l
89 2155 196 2234 scripta
218 2153 383 2237 Coriutlpi,
406 2137 494 2218 sieutss
505 2157 538 2218 et
557 2153 680 2235 prima:
694 2152 736 2215 ibi
753 2153 836 2216 enim
851 2152 941 2218 dirus
958 2153 1071 2215 Paulus
1092 2170 1147 2232 per

90 2260 264 2324 octodecim
284 2276 412 2323 menses
430 2258 622 2341 permansit,
637 2260 719 2323 teste
737 2249 809 2323 divo
822 2251 923 2338 Luet,
939 2260 1020 2338 Aet,
1035 2274 1063 2322 e.
1089 2263 1146 2336 18,

10 2361 11 2424 ]
92 2365 117 2431 t.
143 2373 195 2443 113
210 2365 274 2428 luit
288 2379 367 2444 ergo
384 2363 498 2444 scripta
515 2379 597 2426 anno
610 2365 649 2426 52
662 2362 712 2425 vel
724 2363 774 2428 ts.
