2622 4552
196 328 249 380 aaa
491 303 699 378 u'rrsrera
719 323 769 376 ao
786 305 978 376 araneos

195 419 281 479 breis,
299 419 356 483 poet
374 421 503 482 acceptam
517 419 632 468 veritatis
654 416 798 468 christiana
820 419 947 472 notitiam
967 413 1102 479 raritatis,
1122 412 1177 480 jani
1198 424 1249 466 uati

195 489 330 548 notitiam,
350 485 382 536 ab
400 497 429 536 ea
452 484 641 548 deterentibus,
662 491 687 536 et
702 484 734 536 a'd
754 487 798 546 iu·
821 495 985 564 sepum-,pus
997 505 1049 560 pso
1064 491 1183 560 peccatis
1195 489 1249 542 hon

195 555 322 606 dalsmum
342 553 523 614 redeuntibus,
540 556 568 603 ln
588 551 705 614 talliam
729 557 796 603 statu
822 573 858 626 [ia

196 621 267 672 nulla
284 621 436 684 relinquitur
453 633 499 684 pro
514 623 623 684 peccatis
638 619 797 680 hostia3nen
868 613 876 639 '

196 692 307 755 proderit
321 703 391 742 mors
404 690 496 740 Christi
512 703 589 752 quem
599 689 797 751 abnegavimus;

196 771 248 809 non
260 756 494 822 proderuntlegalia
504 757 691 819 sacrificiaque
701 759 797 808 selinus

195 828 473 890 abrogataetinutllia.
909 857 915 870 ι

226 897 274 948 Sed
287 895 370 948 solum
386 896 459 946 nobis
481 896 634 958 relinquitur
651 898 796 959 exspectan-
854 903 899 954 al.
918 897 1061 952 Terribilis
1076 901 1169 950 autem
1180 906 1252 960 que·

196 967 257 1018 duan
268 966 379 1018 terribile
389 966 433 1017 liet
447 967 624 1029 iudicium,et
636 967 701 1029 ignis
717 965 796 1016 inler—
820 967 885 1032 (past,
909 975 1079 1045 03590012110
1097 973 1206 1043 judicii,
1228 978 1251 1024 et

196 1035 261 1086 nalis
283 1034 411 1085 emulatio
426 1046 482 1096 quae
504 1034 534 1084 eb
556 1035 647 1084 sevius
670 1034 796 1096 torquebit
820 1057 892 1124 ignis
907 1056 1252 1122 aemulafioquaeconfflm,

196 1105 350 1166 apostatam,
372 1099 422 1163 qud
446 1101 560 1152 divinam
587 1102 726 1152 bonitatem
753 1101 795 1151 ille

195 1173 276 1232 magis
291 1171 450 1232 contempsit.

227 1240 254 1290 Si
268 1242 339 1290 tanta
354 1246 392 1289 est
402 1238 469 1303 apud
482 1238 581 1289 ludaeos
595 1237 795 1300 animadversio,
853 1247 899 1298 ες,
910 1243 1019 1296 lenitam
1030 1241 1096 1308 quis
1108 1239 1209 1294 taciens
1220 1241 1253 1292 le-

820 1141 901 1201 ptura
916 1139 958 1188 eat
971 1132 1156 1188 adversarios.

196 1374 299 1434 peceato
314 1371 464 1433 apostasia:
484 1369 619 1418 Tmecnae
636 1368 692 1430 spei
706 1373 797 1416 nonen
817 1365 990 1430 confasionem
995 1398 1046 1422 .....
1059 1377 1112 1413 nan
1122 1365 1254 1413 macnus

200 1439 366 1489 collectionem
378 1445 531 1488 nostrum„

231 1505 375 1558 Voluntarii
388 1508 494 1557 anian...
506 1505 597 1567 idest,
610 1506 684 1557 nohis
697 1507 766 1555 enim
777 1506 885 1554 scienter
897 1507 922 1552 ot
931 1501 1074 1552 voluntarie
1084 1538 1092 1563 ,
1104 1499 1198 1552 scilicet
1206 1508 1255 1564 pou

199 1586 327 1640 acceptura
341 1577 458 1628 notitiam
471 1578 584 1628 unimus
600 1577 763 1636 christianae3

228 1647 318 1706 Naba,
334 1649 453 1708 inquam,
472 1645 581 1697 ilebraeis
593 1647 629 1696 sic
638 1645 816 1710 peccantibus,
832 1641 859 1692 id
871 1647 924 1703 est,
937 1641 1129 1700 deficientibus,
1144 1655 1188 1692 seu
1202 1653 1255 1703 ape

196 1715 374 1765 siatantibusd
390 1715 577 1766 christianismo
599 1717 624 1764 et
640 1713 673 1764 ad
690 1714 847 1776 judaismum
866 1711 1030 1762 redeuntibus
1046 1729 1054 1759 ε
1069 1709 1182 1772 loquitur
1193 1713 1255 1759 enirn

196 1785 329 1836 Hebraeisd
342 1797 451 1847 quornm
467 1788 505 1835 est
515 1796 631 1834 rrumero.
1062 1827 1068 1839 .

226 1855 286 1904 Jarn
297 1869 347 1904 non
363 1851 516 1916 relinquitur
527 1865 576 1916 pro
588 1855 699 1916 peccatis
712 1852 808 1909 boetia,
822 1852 847 1901 ld
860 1855 915 1911 ost,
928 1853 954 1899 in
968 1850 1011 1899 tali
1027 1853 1096 1898 statu
1111 1849 1180 1899 nulla
1191 1851 1256 1900 nuliis

196 1927 234 1972 est
249 1934 305 1986 spes
315 1922 397 1975 reniae
407 1941 415 1982 t
427 1923 487 1984 qiiia
503 1934 551 1972 nec
569 1921 672 1984 prodest
687 1921 760 1970 nobis
772 1920 887 1970 Christus
904 1931 980 1980 quem
999 1918 1199 1980 abnegavimus,
1215 1931 1255 1966 nec

196 1993 259 2042 alter
273 1991 385 2056 proderit
396 1991 512 2052 liessias,
524 1993 568 2053 qui
577 1990 667 2041 nullus
679 1997 734 2051 est;
752 2001 797 2038 ner
809 1990 870 2052 legis
880 1987 1019 2053 proderunt
1033 1989 1177 2049 sacrificia,
1189 2001 1255 2051 quta,

196 2067 224 2110 ut
235 2061 357 2112 hactenus
366 2061 501 2125 probatum
511 2065 564 2122 est,
576 2059 678 2110 infirma
689 2064 749 2110 sunt
762 2063 788 2108 et
796 2058 935 2120 iustificare
948 2070 1001 2108 non
1013 2057 1109 2116 valent,
1123 2062 1148 2107 et
1160 2058 1256 2108 aliunde

194 2132 311 2194 abrogata
326 2135 395 2183 erinta

225 2206 345 2257 Nerium
367 2219 400 2256 an
417 2219 644 2258 inremuneratus.
661 2229 693 2242 -
710 2205 768 2256 Tria
786 2207 814 2255 ln
833 2205 873 2255 his
892 2203 975 2254 verbis
991 2203 1113 2253 uuanda.
1132 2205 1255 2265 Primum,

194 2274 262 2336 qued
272 2275 382 2326 Hebraeis
394 2274 513 2337 loquatur
527 2280 553 2325 et
566 2274 669 2337 quidem
684 2275 733 2336 fide
745 2274 912 2332 illuminatis,
928 2274 973 2335 qui
982 2279 1004 2322 et
1019 2279 1200 2336 amicuerunt,
1219 2289 1256 2326 seu

195 2345 347 2406 experientia
367 2348 540 2406 cognoverunt
564 2346 656 2395 bonurn
671 2345 718 2394 Dei
733 2344 853 2402 eadunt,
874 2347 904 2392 ut
921 2343 983 2392 dlxii
1000 2354 1057 2406 cap.
1081 2347 1107 2394 6.
1129 2349 1155 2394 et
1178 2352 1256 2410 postea

195 2416 302 2463 scienter
316 2418 342 2463 et
356 2412 498 2464 voluntarie
511 2412 634 2464 deficiunt
646 2413 662 2464 a
673 2413 738 2475 ilde,
754 2415 840 2476 sieque
854 2415 925 2464 omni
941 2417 1029 2463 carent
1042 2416 1218 2466 excusatione

226 2481 389 2542 Secundum,
406 2480 475 2544 qudd
487 2481 620 2544 Apostolus
638 2495 691 2533 non
706 2481 774 2533 dieat
790 2483 821 2533 iia
837 2484 880 2544 qul
895 2484 1080 2544 peecaverunt,
1097 2481 1142 2532 sed
1155 2497 1257 2546 mecan-

196 2552 272 2610 tibus,
281 2550 306 2600 id
316 2555 367 2610 est,
376 2552 404 2601 in
413 2557 518 2614 peccata
528 2553 584 2600 sine
594 2553 766 2614 resipiscentia
776 2549 1256 2615 permanentibus,.altTheophylactus.

226 2621 338 2671 Tertium
348 2657 356 2680 ,
367 2619 435 2683 quod
446 2619 513 2672 dicat
524 2622 551 2670 ln
563 2619 607 2670 tali
619 2619 881 2681 perducunturque·
893 2618 1001 2668 matium
1010 2623 1201 2682 montecuco,
1213 2638 1256 2674 aaa

194 2694 279 2752 autem
294 2703 339 2752 pro
350 2692 451 2753 peceato
466 2693 512 2740 aet
522 2689 571 2740 hdo
583 2689 712 2738 locutione
729 2687 862 2750 apostolus
880 2687 977 2739 indicat
991 2692 1106 2740 mentem
1121 2703 1201 2744 suam
1213 2708 1257 2744 nan

194 2772 247 2810 esse
261 2759 327 2822 qued
338 2772 384 2822 pro
396 2760 527 2823 apostasia
536 2763 638 2823 peceato
649 2770 701 2808 non
713 2759 746 2807 sit
756 2757 855 2818 hostia,
867 2769 912 2808 seu
923 2769 979 2820 spes
989 2760 1088 2821 reniam
1099 2764 1188 2824 petest
1197 2766 1257 2813 enin

194 2828 252 2878 telis
267 2833 382 2892 peccator
393 2829 523 2892 poenitere.

218 2888 272 2960 ,Sed
287 2897 354 2961 qued
367 2899 512 2960 supradicto
531 2897 650 2961 liebraeo,
666 2901 694 2949 lu
704 2899 752 2950 hee
763 2899 894 2960 apostasia
908 2899 976 2947 statu
992 2902 1177 2964 permanenti,
1197 2903 1256 2954 nulia

193 2967 350 3028 relinquatur
371 2970 544 3030 propeccatis
564 2969 633 3029 suls,
652 2972 705 3018 sive
722 2969 880 3030 praeteritis„
892 2969 945 3016 sive
963 2966 1057 3017 futuris
1080 2969 1186 3032 hostia3
1206 2976 1256 3035 quia

193 3036 283 3096 legales
296 3035 399 3095 hostie,
410 3048 466 3098 quae
477 3038 595 3088 omnibus
607 3037 710 3100 quidem
724 3037 834 3086 Hebraeis
845 3036 877 3086 ad
891 3036 940 3086 hoc
954 3042 1014 3086 sunt
1028 3037 1146 3099 inutiles,
1161 3040 1223 3092 huic
1233 3043 1256 3090 eb

193 3107 254 3154 sunt
271 3102 429 3163 inutiliores,
445 3104 495 3165 qud
511 3105 626 3155 veritatis
642 3103 787 3154 christiana
800 3102 897 3154 lumino
913 3103 961 3153 iuit
982 3106 1151 3168 instructior,
1177 3113 1257 3172 sicque

193 3171 264 3222 nulla
280 3173 422 3233 ignorantia
436 3173 593 3224 excusabilis.

223 3249 263 3298 tt.
286 3245 418 3297 Terribilia
429 3253 513 3298 autern
529 3237 679 3310 ancarano
688 3249 784 3311 indicii
799 3255 821 3298 et
834 3251 902 3310 ipris
910 3285 948 3308 ,...
964 3248 990 3300 id
1004 3253 1060 3311 est,
1076 3251 1122 3303 tali
1142 3251 1256 3313 liehreo,

191 3320 220 3366 ln
233 3315 278 3366 tali
294 3320 377 3375 statu,
389 3314 540 3380 relinquitur
552 3317 749 3380 exspectandum
759 3318 869 3369 terribile
880 3319 923 3368 liei
933 3319 1070 3380 judicium.

222 3393 254 3441 Et
264 3391 331 3454 ipnie
345 3389 483 3440 mulatio.
497 3391 539 3440 Gr.
552 3390 633 3452 zelus;
644 3404 688 3453 per
699 3394 896 3454 prosopopaelam
905 3393 971 3454 ignis
983 3392 1119 3445 infernalis
1128 3397 1258 3448 exhibetur

191 3461 263 3521 quasi
277 3461 350 3508 uiuus
363 3463 388 3507 et
402 3460 546 3518 animatus,
560 3458 611 3508 zelo
622 3459 707 3522 gloria
722 3460 784 3522 liei,
796 3459 873 3510 talem
883 3465 1023 3524 apostatem
1038 3465 1132 3524 maiori
1148 3479 1205 3527 quc
1218 3478 1258 3528 pc

191 3533 240 3580 test
250 3529 339 3580 ardore
351 3528 509 3580 comburens.

222 3597 359 3648 AEmulatio
369 3596 424 3648 haec
436 3601 473 3646 est
484 3600 540 3657 vis,
553 3610 597 3648 seu
615 3597 777 3648 vehementia
795 3601 874 3662 igneae
886 3601 1037 3663 arduitatis,
1052 3602 1117 3652 tlatu
1132 3601 1201 3664 Dei,
1219 3617 1257 3654 seu

192 3667 376 3730 omnipotentia
389 3666 433 3716 bel
447 3668 568 3716 excitata.

223 3739 285 3796 Quae
298 3743 478 3800 consumptura
497 3743 540 3786 ert.
557 3736 601 3788 Gr.
617 3737 738 3788 devorare
754 3736 833 3788 futuri
846 3738 855 3802 ί
867 3741 931 3801 ignis
941 3738 1037 3788 scilieet
1052 3737 1071 3802 ).
1084 3739 1141 3802 syr.
1160 3743 1258 3806 quide

190 3810 323 3855 voraturus
336 3808 383 3855 est.
1131 3809 1140 3819 ‘

221 3871 255 3920 lic
266 3873 315 3922 boc
332 3874 406 3934 igne,
418 3884 461 3922 seu
476 3873 637 3923 emulatione
650 3877 715 3937 iguis
731 3876 843 3938 loquitur
854 3915 861 3938 ,
873 3877 944 3938 quasi
956 3875 986 3924 de
1002 3875 1056 3924 iera
1072 3880 1205 3940 pessima,
1219 3891 1258 3928 seu

192 3938 274 3988 helina
288 3941 449 4000 exacerbata,
464 3943 501 3990 ait
517 3942 725 4006 Theophpiaciue.

125 4037 129 4046 ·
227 4014 624 4078 ae.inaanquasaaienateqen
632 4017 1258 4084 aona...syr.sientmquitransqreesaseat,etc.
