2670 4542
298 279 470 333 ruinius
487 279 706 334 uxrosmio.
726 279 806 334 cir.
826 282 848 332 r.
995 253 1000 266 '
1069 279 1100 330 oi

19 349 20 422 J
58 373 105 438 riis,
116 373 301 434 mendacibus
312 373 484 442 etperp'uris,
508 385 569 434 ros;
590 375 615 422 et
632 374 660 422 ln
677 375 825 424 uuiversum
843 383 931 422 omnes
942 367 1104 434 quoscunque

19 441 20 448 '
57 449 260 516 sistquidaliud
268 451 486 506 sanaedoctrinae
508 455 617 507 quorum
636 444 689 492 vita
707 445 832 493 contraria
852 449 889 493 εει
903 454 970 493 sana
985 441 1105 491 doctrinm

57 525 220 592 adversatur,
508 517 632 575 reeteque
642 524 745 562 morum
758 513 920 560 institutioni.

79 607 121 657 ii.
146 607 216 669 Quae
255 611 300 661 εει
331 602 486 662 εεειιιιᾱὺιε
538 604 797 668 Quasanadootrlna
808 605 942 656 coneordat
953 619 1012 656 oum
1023 604 1106 654 Evan-

57 679 220 747 lvangelium
234 683 329 750 gloriae
339 684 414 738 Μή
424 684 483 752 pei,
508 672 571 735 gello
584 673 628 722 bei
644 671 743 722 summi
752 672 819 721 beati
830 709 837 732 ,
847 671 950 732 gloriam
961 672 1034 750 nobis
1047 682 1107 750 pross

57 757 119 820 quod
128 759 271 812 omitum
287 766 331 815 θη
343 761 420 814 ΝΜ
508 743 637 800 mittente,
656 742 730 801 culus
740 739 870 800 Evangelii
882 739 1026 802 pradicatio
1041 737 1105 786 mihi

508 811 643 859 oommlssn
654 813 701 859 est.

77 929 194 1037 l³laglaril⁸
204 987 263 1038 ergo
273 979 335 1026 sunt
347 978 391 1038 qul
401 1013 408 1038 ,
418 975 459 1026 vel
475 975 558 1026 aliena
573 978 701 1040 manolpla
714 976 832 1028 iurantru
848 976 945 1038 sibique
955 975 1107 1032 vendicant;

56 1042 84 1091 rel
96 1046 139 1105 qai
157 1043 278 1094 homines
290 1043 383 1094 llberos
394 1047 422 1093 ln
433 1047 582 1096 semiintem
596 1045 732 1108 redigunt,
745 1045 907 1108 venduntque
921 1047 950 1094 ut
963 1044 1108 1106 mancipia,

56 1111 108 1170 qaod
121 1111 183 1161 sane
205 1114 350 1162 maximum
366 1116 407 1162 ast
420 1111 482 1162 iurti
496 1123 585 1174 genus.

63 1194 252 1252 ‚imberbum
267 1196 407 1258 prasertim
428 1196 472 1257 qni
489 1194 567 1244 iidem
584 1193 676 1246 iallnnt
699 1197 727 1246 ln
745 1195 928 1256 contractibus,
945 1199 971 1244 et
989 1196 1034 1255 qui
1053 1196 1108 1244 suis

55 1263 183 1314 umuaeiis
195 1267 312 1327 proximo
327 1263 470 1315 notabiliter
485 1267 587 1314 noeent.

78 1346 140 1396 Etsi
155 1347 219 1408 quie
229 1346 384 1396 uliadaaou
401 1347 548 1396 αοειιὺιε...

69 1415 128 1496 Ιιιοιι
140 1415 283 1466 dubitantis
296 1417 348 1472 εει.
359 1414 404 1466 sed
414 1413 508 1465 seelera
522 1415 608 1464 omnia
621 1426 673 1465 uuo
686 1412 762 1464 verbo
775 1413 1025 1477 eomprebmdentis;
1036 1415 1108 1476 quasi

56 1483 268 1602 ὼῗξιτθιιῐιιῖεετεεω
282 1552 324 1603 lex
341 1553 458 1616 imposita
474 1553 558 1602 estiis
579 1551 697 1603 omnibus
712 1555 738 1602 ει
755 1551 946 1614 quibuscunque
956 1589 963 1612 ,
974 1553 1018 1612 qui
1039 1549 1108 1600 aliud

55 1619 126 1670 simile
141 1623 288 1684 perpetrant
304 1622 371 1684 qaod
387 1633 454 1671 suaa
463 1623 588 1700 *doemon
600 1625 725 1684 reotaeque
737 1633 840 1671 morum
852 1623 1004 1672 institutioni
1018 1621 1109 1670 adaer-

55 1696 146 1808 sassbes
161 1760 250 1808 autem
264 1757 342 1808 luisse
354 1757 453 1809 iulans
465 1759 588 1809 insinuat.

80 1828 114 1876 iol
128 1828 174 1878 lios
185 1839 247 1890 ergo
260 1832 287 1878 et
296 1839 386 1878 omues
397 1827 461 1879 alios
475 1828 570 1878 smiles
582 1829 734 1880 coercendos
746 1828 786 1880 lex
798 1828 857 1880 data
867 1832 914 1879 est.

81 1898 123 1958 Qui
137 1903 225 1948 autem
241 1898 274 1948 ab
284 1897 326 1948 his
338 1899 456 1948 omnibus
466 1898 575 1948 abstinet
586 1935 593 1960 ,
604 1898 666 1960 legis
676 1901 807 1962 praeoeptis
818 1911 871 1948 nou
882 1898 985 1960 indiget.

81 1967 140 2049 lirgo
148 1967 295 2018 Christiano
308 1969 393 2028 lusio,
404 1969 449 2030 qni
461 1967 516 2018 buo
527 1968 613 2016 omnia
626 1966 691 2028 lugit
704 1970 730 2016 et
739 1966 825 2017 horret
835 2003 843 2028 ,
854 1966 895 2016 lex
904 1979 957 2016 uon
970 1969 1008 2014 est
1020 1974 1108 2013 neees-

55 2049 121 2087 sarra.

84 2133 118 2177 ii.
139 2129 201 2188 Qau
218 2132 254 2178 est
268 2127 403 2178 serendum
412 2126 595 2190 iinmeritam,
611 2127 638 2177 ii
656 2129 706 2188 est,
718 2135 774 2190 qus
788 2129 826 2176 est
847 2125 981 2188 Evangelio
1003 2137 1109 2175 eonsen-

56 2201 129 2246 lnnea.
584 2215 586 2218 ·

80 2265 242 2328 Evangelinm
255 2267 294 2315 εει
305 2275 373 2314 sana
386 2264 507 2318 (lontrina
519 2279 618 2318 norma.

82 2337 108 2385 ln
117 2334 171 2398 loge
179 2333 284 2396 quidem
295 2346 357 2383 sana
368 2333 429 2394 init3
438 2339 465 2384 at
476 2337 503 2386 ln
514 2335 648 2398 Evangelio
659 2337 759 2396 sanior,
770 2335 878 2398 amplior
893 2338 919 2385 ει
931 2334 1031 2385 elarlor.

81 2407 107 2455 ln
123 2403 282 2469 pbilosophis
299 2405 393 2467 partim
404 2415 466 2455 sana
477 2405 592 2456 doctrina
604 2409 655 2466 est,
669 2407 762 2468 partim
781 2405 896 2456 morbida
904 2424 912 2467 ς
931 2407 958 2455 ia
973 2407 1108 2470 Evangelio

54 2480 101 2524 tota
117 2487 179 2526 sana
194 2477 234 2523 est
248 2476 273 2524 et
288 2475 451 2524 omnisonae
467 2475 587 2525 doetrluu
599 2474 694 2536 regula.

80 2543 159 2593 Potest
171 2543 251 2592 etlam
266 2539 372 2604 intelligi
386 2541 453 2603 qubrl
469 2545 496 2593 ln
513 2543 562 2594 hoe
579 2554 639 2593 oum
654 2542 707 2605 lege
719 2547 842 2594 consonat
856 2543 1030 2606 Evangelium.

80 2611 152 2674 Quasi
170 2612 267 2662 moeret
283 2609 434 2672 Apostolus:
447 2613 503 2662 liaeo
520 2612 581 2674 legis
594 2615 735 2662 necessaria
745 2615 859 2677 praeolplt
869 2618 895 2663 et
912 2619 981 2664 vetat
997 2617 1108 2678 Evange-

53 2679 125 2743 lium;
136 2681 193 2732 huo
204 2685 230 2730 et
240 2691 288 2729 nos
298 2678 426 2741 Evangelii
437 2681 612 2742 predicatores
622 2683 783 2744 praoipimns
796 2687 821 2731 ει
834 2683 1005 2744 prohibemus.

79 2765 244 2828 inunguitum
258 2764 348 2827 qlorioe
360 2765 407 2814 Det
422 2763 530 2826 dicitur,
545 2768 604 2828 quia
623 2766 667 2815 bal
679 2765 782 2827 gloriam
794 2766 912 2828 pradloat
924 2771 949 2816 et
964 2771 1105 2830 promittit:

54 2833 119 2884 docet
128 2847 175 2884 nos
185 2833 293 2884 modum
307 2832 461 2895 gloriiioandi
473 2835 562 2896 Deum,
572 2839 596 2884 ει
605 2835 678 2886 nobis
688 2835 769 2885 Deum
782 2835 978 2897 glorificantibus
988 2841 1108 2890 aternam

53 2903 91 2954 liei
102 2904 208 2967 gloriam
221 2905 357 2967 promittit.

78 2974 157 3025 Potest
172 2975 252 3024 etlam
273 2973 324 3024 (lloi
339 2973 428 3037 utorio
441 2976 503 3034 Dei,
515 2977 574 3037 quia
595 2976 759 3038 Evangelium
775 2975 818 3026 lux
831 2981 869 3027 esi
884 2982 908 3028 ει
926 2977 1042 3040 splendor
1057 2993 1108 3044 prae

53 3043 114 3106 lege,
127 3056 185 3108 qum
201 3047 256 3095 erat
271 3043 371 3095 umbra.
852 3041 855 3048 ’

77 3119 146 3170 boati
157 3119 222 3179 Dei,
237 3118 264 3168 ii
275 3122 329 3180 est,
343 3120 386 3180 qul
399 3118 443 3168 liei
458 3119 557 3186 summe
571 3120 660 3170 beatus
672 3125 724 3182 εει,
742 3123 786 3182 qul
801 3121 856 3171 iens
878 3126 915 3171 ost
930 3123 1106 3184 beatitudinis,

52 3193 89 3250 qui
99 3191 146 3241 sibi
157 3188 206 3240 soli
217 3188 345 3240 suiiioieus
360 3192 413 3250 εει,
425 3189 570 3252 nulliusque
583 3191 698 3252 indigens
711 3191 743 3240 ad
754 3204 827 3241 suam
840 3192 1031 3243 beatitudinem.

76 3260 127 3322 lpse
141 3265 232 3312 tamen
252 3258 326 3308 nobis
339 3257 533 3322 obsequentibus
548 3258 632 3321 gloriae
646 3273 699 3311 sne
712 3263 893 3324 possessionem
914 3265 1034 3312 aternam
1050 3276 1107 3325 pro-

51 3329 121 3378 mittit
136 3331 165 3378 iu
180 3326 329 3388 Evangelio.

19 3393 21 3402 ’
75 3395 162 3457 ilobis,
175 3409 230 3446 non
244 3394 296 3445 ileo
306 3430 314 3454 ,
323 3393 424 3456 prodest
433 3395 550 3444 virtuset
564 3395 662 3445 bonitas
675 3401 779 3458 nostra;
793 3398 859 3448 siout
870 3399 954 3459 nobis,
971 3411 1022 3448 uon
1039 3399 1106 3460 beo,

51 3470 117 3514 nooet
126 3467 251 3528 iniquitas
264 3466 360 3513 nostru.

75 3533 126 3594 ipsa
137 3533 239 3584 summe
253 3533 344 3582 beatus
354 3535 401 3592 εει,
411 3532 458 3581 sibi
476 3531 621 3583 sufficiens:
636 3535 749 3592 saddai,
760 3534 785 3583 ld
802 3538 855 3594 εει,
868 3537 921 3598 ipsa
933 3535 1079 3587 suilloientiu
1099 3559 1104 3588 :

50 3604 234 3653 omnebonum.

75 3669 108 3720 Ex
122 3684 194 3722 mera
207 3674 234 3720 ει
249 3682 315 3732 pura
328 3669 439 3720 bonitate
453 3669 509 3719 vult
524 3676 549 3720 et
565 3684 611 3720 nos
630 3671 723 3721 beatos.

75 3738 134 3791 ilinc
149 3745 206 3802 elus
218 3739 252 3790 ad
263 3751 312 3788 nos
323 3738 497 3800 arengalium,
507 3739 612 3788 uerbum
624 3741 730 3796 coluriis,
744 3742 848 3789 missum
860 3745 913 3802 est,
925 3745 1027 3807 ejusque
1040 3757 1105 3808 prea-

50 3805 133 3860 dioaiio
146 3811 244 3875 gloriae·
597 3829 603 3835 ·
925 3837 927 3842 ·

76 3893 144 3950 ouon
156 3893 225 3945 mibi
239 3890 363 3942 creditum
376 3898 426 3950 εει,
438 3893 462 3940 ld
475 3895 527 3949 est,

73 3962 149 4024 eujus
163 3962 314 4027 praedieatio
329 3959 393 4010 mihi
407 3962 539 4012 commisse
551 3967 597 4010 est.
