2612 4542
189 303 244 357 {00
362 301 547 358 SECUNDAE
566 299 770 356 bristoud
789 303 837 354 Ab
856 295 1087 354 riooidauii

190 395 266 457 typho
287 395 409 458 snperbia
426 396 532 456 tumidi,
547 393 707 457 voluptatum
718 392 790 455 longo
812 395 929 458 tumidi,
946 400 974 448 el
987 395 1161 458 voluptatum
1181 393 1251 446 aina·

188 466 342 513 amantiores
360 465 437 525 qudm
452 463 510 524 llel,
531 474 576 512 scu
597 474 706 524 quorum
725 461 791 510 Deus
812 478 888 526 pol-03
899 471 988 538 magis
998 468 1083 536 quim
1097 468 1168 520 nei:

188 537 454 660 reffierzeslsslthumem
477 599 578 661 pletatis
599 600 625 646 et
643 597 790 650 reverentie
847 598 874 648 5.
889 595 1029 648 Habentes
1049 595 1172 660 speciem
1190 592 1250 658 qui·

146 702 148 707 ·
189 665 232 716 ⁰0¹
246 679 297 729 prae
308 679 334 722 tt
346 666 471 727 selonitis
485 668 618 716 reducem
634 663 696 712 Ὓθῖὸ
711 666 791 725 pieta-
813 669 877 723 dem
889 670 1009 736 pietalis,
1022 668 1249 721 virtutemaulem

192 737 222 786 lis
234 736 352 797 operibus
368 735 539 797 abnegantcsr
556 739 582 782 ct
603 732 649 784 lios
664 744 790 782 aversare.
812 748 873 814 eju,
887 748 1067 816 abnegantes,
1089 749 1123 799 Ep
1140 747 1191 798 hos
1202 746 1249 798 dg.

214 907 275 956 lam
292 909 363 956 enim
386 910 447 957 snut
466 905 545 967 aliqui
565 918 596 956 ex
616 907 672 965 eis,
690 907 736 966 qul
762 906 790 953 ln
813 829 874 953 mg.
885 862 927 953 lix
947 900 991 954 bis
1009 900 1085 954 enim
1105 905 1187 958 suut,
1205 898 1247 963 qui

188 971 285 1022 alienas
296 973 436 1035 subrepunt
448 971 546 1030 domus,
557 975 582 1020 ct
591 970 659 1020 falsis
671 970 791 1020 suisdoc-
813 985 959 1046 penetrant
972 978 1086 1041 domos,
1096 983 1124 1030 et
1135 978 1247 1042 captivas

173 1041 278 1118 trinis,
292 1042 365 1100 quast
387 1038 483 1100 laqueis
503 1043 589 1102 captas
610 1037 789 1102 mulierculas,
814 1057 920 1111 ducunt
934 1056 1112 1110 mulierculas
1127 1062 1247 1108 onerata,

224 1254 338 1312 fumidi,
349 1253 447 1304 scillcet
459 1255 538 1320 typho
554 1255 676 1318 superbie
688 1291 695 1317 ,
706 1255 821 1319 vanaque
832 1253 863 1304 de
874 1265 901 1306 sc
914 1255 1032 1317 opinione
1042 1253 1134 1304 inflati.

222 1337 385 1398 Voluptatem
399 1342 526 1387 omctocer
543 1336 655 1400 mepte...

217 1405 362 1456 Necessario
381 1406 430 1456 lioc
446 1409 575 1468 sequitur,
593 1409 631 1456 ait
644 1406 846 1470 lbecplrylactns
857 1425 865 1456 ι
877 1405 922 1456 ubl
936 1407 1006 1456 enlm
1022 1408 1060 1454 est
1072 1404 1151 1466 hujus
1166 1405 1242 1459 mund

188 1473 347 1537 uoluptatum
360 1487 446 1535 amor,
458 1474 510 1526 illic
525 1477 643 1526 dlrirmm
653 1477 807 1526 desiderium
822 1489 875 1526 non
888 1479 934 1524 cst.

219 1544 271 1594 Hoc
282 1543 350 1592 idem
363 1542 489 1606 significat
500 1558 532 1595 ac
543 1558 653 1608 quorem
666 1540 733 1595 lietu
747 1551 830 1596 center
840 1551 883 1594 esi.

220 1632 244 1678 5.
258 1630 380 1680 Habentes
395 1631 517 1692 speeiem,
528 1631 554 1681 ld
565 1635 620 1693 est,
631 1633 727 1682 larvam
738 1657 745 1692 ὅ
757 1634 903 1694 imaginem,
910 1631 1105 1681 similitudinem
1115 1601 1244 1691 externam,
1285 1601 1288 1612 ⁵

188 1699 338 1748 reverentie
348 1697 402 1761 Iicl,
412 1699 497 1750 cultris
508 1700 606 1750 divinia
617 1702 779 1760 rimantem,
790 1702 922 1760 ortuum,
932 1701 1018 1762 idest,
1028 1703 1171 1762 veritatem,
1181 1700 1244 1750 lactis

189 1765 346 1885 abpnlecat‘ntleoem·
359 1835 481 1886 simulant
494 1837 616 1900 quidem,
629 1837 674 1889 sed
684 1837 771 1890 revera
784 1851 836 1891 uon
851 1837 1109 1902 babent51mdlaeils
1127 1840 1179 1891 suls
1195 1851 1243 1888 mm

188 1902 322 1964 obneglsse
334 1905 461 1956 videntur.

219 1970 305 2022 Verbis
318 1973 438 2022 allectant
450 1973 518 2034 quod
534 1987 609 2038 opere
621 1979 647 2026 et
658 1976 772 2027 moribus
782 1978 884 2038 negant.

219 2058 378 2110 Onerararro
392 2072 510 2111 nonanis.
520 2060 619 2122 -Quls
631 2075 682 2113 uon
694 2063 796 2114 horreat
808 2062 934 2113 funestam
946 2061 1014 2112 hanc
1024 2064 1147 2126 vitiorum
1161 2075 1242 2114 conca·-

186 2128 342 2178 lenatlcncm
355 2128 387 2178 ab
398 2141 484 2178 amore
494 2129 549 2191 sni,
559 2133 681 2192 tanquam
692 2131 846 2186 annulorum
857 2134 940 2194 primo
951 2167 958 2191 ,
970 2135 1101 2181 erorum?

218 2195 279 2256 Quis
289 2196 359 2246 bunc
374 2198 450 2258 igitur
462 2210 574 2249 amorem
585 2199 625 2250 sul
635 2235 643 2260 ‚
652 2201 774 2250 vitiorum
784 2201 900 2250 omnium
916 2199 1044 2258 radicem,
1058 2212 1111 2249 non
1123 2199 1241 2262 euborreat

188 2264 288 2326 maglsl

218 2333 314 2384 sicuti
327 2334 461 2399 charitate,
473 2340 599 2390 virtutum
610 2339 711 2402 regina,
722 2352 797 2390 omne
808 2341 904 2392 bonum
920 2341 1052 2401 omnisque
1065 2342 1163 2400 virtus;

217 2403 259 2453 Sic
270 2403 417 2466 dpbllantltl
426 2444 432 2467 ‚
442 2409 564 2458 villorum
577 2407 663 2458 radice
673 2445 680 2470 ‚
692 2422 767 2459 omne
778 2409 875 2459 malurn
887 2411 1019 2472 omnisque
1031 2407 1174 2460 lulclicltas.

220 2471 376 2523 Acbarltatc
390 2477 478 2524 civitas
488 2475 549 2537 liel;
563 2477 578 2526 d
589 2477 715 2540 philautia
726 2480 814 2527 civitas
827 2475 929 2530 diaboli.

217 2541 336 2602 Etenim,
348 2544 384 2592 ait
395 2541 424 2592 ii.
436 2542 608 2607 Augustinus,
627 2546 717 2594 civitas
732 2544 777 2596 liei
799 2547 890 2611 incipit
905 2553 931 2598 et
944 2547 1107 2598 constituitur
1121 2560 1151 2597 cr
1166 2557 1239 2596 amore

187 2608 249 2670 liei,
261 2613 286 2658 et
301 2613 393 2660 crescit
408 2611 440 2660 ad
456 2611 543 2661 edum
557 2611 597 2661 sui
611 2613 699 2674 ipsius.
1163 2648 1168 2658 ·

216 2678 310 2729 Civitas
320 2679 381 2730 reri
397 2679 490 2731 diaboii
506 2683 597 2744 incipit
609 2681 642 2730 ab
652 2694 739 2732 amore
750 2681 806 2745 sui,
817 2688 843 2734 et
856 2687 945 2735 crescit
961 2697 1039 2748 usquc
1053 2683 1086 2734 ud
1095 2683 1181 2734 odium
1189 2683 1238 2744 Dei,

186 2759 231 2810 per
243 2753 418 2811 contemptum
431 2752 614 2814 proximorum.
628 2751 692 2814 dog.
705 2755 777 2803 initio
788 2753 832 2804 lib.
845 2753 876 2804 dc
886 2755 992 2804 civitate
1000 2753 1054 2804 liei.

217 2816 284 2866 licus
299 2815 425 2869 eharitasl
448 2819 514 2869 Deus
535 2821 600 2882 ignis
618 2824 787 2871 consumens!
807 2822 874 2873 ileos
895 2821 1038 2872 aemulatorl
1055 2835 1100 2872 cor
1119 2836 1202 2872 mcum
1216 2823 1238 2869 in
1260 2881 1264 2890 ἱ

186 2885 224 2934 tui
236 2885 359 2936 charltnte
371 2888 496 2937 succende
506 2887 557 2948 ,'ut
568 2888 616 2938 boc
630 2889 670 2937 tui
689 2893 783 2940 amoris
797 2893 855 2954 igne
868 2904 990 2942 succensu
1001 2928 1009 2952 ,
1021 2896 1047 2940 te
1057 2891 1177 2954 diligam,
1192 2903 1238 2951 me

186 2955 322 3014 metipsum
335 2955 393 3004 odiu
408 2954 534 3015 babeam,
549 2953 644 3006 te'vcrd
656 2957 737 3007 colam
746 2995 753 3019 ,
763 2973 804 3008 me
822 2961 881 3010 rere
894 2964 1056 3010 contemnam
1066 2998 1072 3018 ,
1082 2968 1109 3010 et
1122 2973 1165 3024 per
1179 2959 1237 3008 bunc

185 3020 431 3137 ffessjffimffmpmm
449 3027 475 3072 et
487 3023 593 3084 odium,
618 3037 663 3088 per
677 3025 717 3075 tul
733 3039 846 3080 amorem
861 3032 887 3077 et
907 3027 1023 3089 cultum,
1040 3027 1101 3078 dam
1120 3031 1204 3079 civitas
1217 3030 1237 3075 ct

204 3099 219 3136 a
291 3099 307 3137 o
331 3102 372 3139 ua.
861 3121 869 3130 1

216 3170 248 3218 Et
260 3168 305 3218 lroc
319 3170 410 3220 devite
424 3171 468 3222 Gr.
480 3186 603 3225 aversare.
617 3176 673 3238 syr.
684 3179 776 3241 repelle
788 3181 803 3230 d
814 3183 856 3242 te;
870 3182 942 3242 quasi
953 3180 1046 3231 diceret
1059 3196 1068 3230 c

185 3237 352 3359 &galgalam
364 3243 475 3292 existunt
496 3243 573 3307 aliqui
590 3246 677 3308 quales
690 3247 809 3314 descripsi
827 3243 895 3300 ihus
911 3249 984 3312 luga,
998 3263 1114 3308 aversare
1121 3271 1132 3316 i
1148 3251 1205 3312 quin
1216 3250 1235 3296 et

184 3377 258 3495 colitis1
269 3379 350 3497 verbis
366 3390 454 3431 omnes
476 3382 624 3438 adhortatur
641 3387 669 3434 ut
688 3385 751 3436 tales
771 3385 886 3452 rugiant,
903 3387 940 3436 alt
951 3387 979 3452 ii,
992 3387 1196 3456 chrysostomus,
1209 3393 1234 3434 ro

260 3459 337 3510 mpan
350 3483 357 3497 .

214 3534 238 3581 ti.
252 3534 290 3582 de
304 3534 344 3584 bia
361 3535 425 3586 enim
440 3543 498 3588 aaut
517 3539 562 3601 quc'
578 3527 738 3602 penetrantis..

213 3599 251 3650 Ex
262 3601 302 3652 bls
313 3604 416 3666 quidam
427 3608 455 3657 ln
467 3607 562 3658 alienas
574 3609 701 3671 obrepunt
712 3609 812 3673 domos,
821 3615 847 3664 et
860 3613 913 3664 suis
923 3611 1056 3662 lenociniis
1070 3617 1095 3662 et
1109 3611 1174 3671 inlsls
1184 3611 1233 3660 dcc·

183 3667 275 3728 trinis,
288 3675 360 3733 quasi
371 3673 480 3736 laqueis,
491 3678 577 3738 captas
592 3676 755 3729 mulierculas
771 3682 807 3730 sic
824 3679 942 3731 obnoxias
958 3682 1005 3732 sibi
1017 3679 1127 3742 iaciunt,
1138 3687 1165 3730 ut
1175 3677 1233 3732 reiut

142 3793 146 3802 Ι
183 3737 296 3798 captivas
311 3740 439 3792 abducant
453 3745 603 3807 quocunque
618 3745 753 3799 voluerint.

210 3803 274 3854 Nota
288 3808 465 3870 mulierculas,
479 3816 506 3862 ut
517 3812 613 3864 ludleet
627 3827 680 3865 non
693 3827 780 3868 omncs
791 3815 923 3882 mulieres,
936 3819 980 3870 sed
991 3820 1096 3871 leviores
1106 3819 1200 3870 mutim
1211 3817 1232 3862 cl

183 3873 402 3928 beonsuntiores
1147 3879 1151 3886 ’

220 3955 341 4029 Oneratas
355 3961 470 4022 peccetis.
483 3957 538 4024 Syr.
551 3963 653 4016 obrutas
666 3971 789 4033 peccatis,
805 3969 896 4036 idest,
915 3984 1007 4037 magno
1023 3975 1176 4037 peccatorum
1188 3977 1230 4020 11³¹·
