2622 4552
192 294 245 348 586
485 290 688 348 EPISTOLAE
707 292 757 346 iu
774 290 965 345 HEBRAEOS

190 384 642 438 carnaleserurliebantuescdrilam
650 397 789 449 paucerum
813 399 881 460 pope
900 395 1054 450 paucorum
1068 380 1185 444 dierum,
1205 393 1246 434 se·

190 456 368 508 tantummodo
388 455 504 515 dierum,
524 467 621 518 nosque
637 453 791 516 occumbant
813 461 936 515 cundfim
969 461 1139 514 voluntatem
1170 473 1244 511 suam

192 537 236 588 pro
248 537 295 576 sao
305 524 447 583 arbitratu,
458 526 483 574 et
491 535 557 587 sape
565 535 596 574 ex
606 526 703 583 errore,
814 539 980 593 erudiebant
993 551 1046 590 Μ
1060 555 1067 590 :

219 615 250 664 at
272 617 344 677 pater
366 612 472 665 celestis
491 627 537 676 pre
559 626 605 664 sua
622 616 746 678 sapientia
766 617 792 662 et
816 618 861 670 hic
876 624 970 672 autem
991 617 1071 670 adid
1091 617 1165 683 quod
1184 616 1247 668 utile

192 686 302 733 bonitate
320 686 426 746 castigat
445 692 491 733 uos
503 682 536 732 ad
551 695 636 732 reram
657 681 791 731 utilitatem
816 701 875 759 est,
889 696 918 748 p„
930 694 1093 761 recipiendo
1106 693 1247 746 sanctifica.

191 757 319 811 nostram,
340 752 436 802 scilicet
457 755 486 802 ut
507 751 579 802 nohis
601 763 673 801 suam
696 753 724 800 in
742 751 790 800 lroc
813 772 917 824 tionem
929 769 999 836 ejus·

191 823 287 874 mundo
297 822 492 872 sanctimoniam
502 821 656 882 conserat,et
666 823 694 870 iu
706 819 790 870 tuturo

191 906 264 942 suam
280 896 400 941 aternam
417 891 571 942 felicitatem.

220 961 308 1010 Fateor
330 959 399 1020 quod
418 962 501 1007 omnis
521 958 624 1020 quidem
645 959 790 1020 castigatio,
850 955 898 1004 li.
921 951 1018 1003 Omnis
1049 957 1143 1005 autem
1170 950 1249 1004 disci·

190 1039 220 1076 co
232 1028 286 1089 ipso
304 1029 417 1087 tempore
429 1038 479 1087 quo
494 1026 538 1086 lit,
557 1040 609 1076 non
624 1025 791 1076 videturesse
814 1029 907 1094 plina,
931 1029 959 1080 in
980 1031 1111 1094 praeseuti
1141 1029 1248 1095 quidem

191 1097 289 1156 gaudii,
301 1095 345 1146 sed
356 1097 465 1146 tristitia
473 1117 480 1157 ς
488 1098 547 1158 quia
555 1096 647 1146 doloris
658 1109 733 1145 sensu
745 1110 791 1146 uos
814 1105 923 1160 viderur
941 1119 999 1158 „011
1012 1119 1076 1159 esse
1090 1106 1193 1173 gaudii·
1203 1107 1249 1158 sep

191 1163 284 1214 ciliciis
301 1165 356 1226 ipsa
368 1165 453 1244 tamin
464 1162 610 1244 9⁰⁵10³J¹¹¹⁵
622 1164 667 1224 (1¹¹¹
680 1175 725 1225 1³0¹
736 1173 792 1212 Μ
814 1184 961 1248 moeroris;
970 1189 1068 1250 postea
1080 1187 1173 1236 autem
1180 1183 1250 1236 irue-

192 1233 318 1281 excrcitati
336 1231 484 1294 probatique
500 1230 610 1290 luerint,
629 1230 739 1280 fructum
755 1231 790 1280 af·
815 1267 873 1332 [um
914 1261 1125 1327 pacatissimum
1155 1261 1253 1314 exemi.

192 1301 239 1350 tert
257 1301 449 1363 pacatissimum
463 1301 567 1360 justitiae
580 1301 608 1348 in
621 1299 670 1348 lrac
686 1300 755 1360 vita,
767 1303 792 1349 et
856 1339 863 1352 .
1135 1337 1141 1348 .
1190 1339 1215 1350 ..

192 1368 355 1419 beatitudiuis
370 1369 397 1417 ,n
411 1369 559 1418 aetemstate·
815 1344 879 1392 tatis
888 1352 938 1404 per
950 1351 1013 1390 eam
1022 1338 1249 1404 reddetruslrtue.

223 1441 266 1490 llis
285 1441 362 1500 igitur
375 1437 494 1488 omnibus
505 1435 600 1486 attente
613 1437 790 1497 consideratis,
848 1441 894 1492 12.
907 1439 1024 1504 Propter
1034 1439 1114 1505 quod
1126 1440 1253 1492 remissas

192 1521 294 1558 excussa
304 1506 523 1567 socordie‚manus
534 1505 665 1567 languidas
676 1508 790 1566 excitate,
815 1521 946 1570 manum
953 1516 1042 1568 solum
1047 1529 1142 1584 genua
1149 1518 1252 1584 origne,

192 1584 217 1628 et
227 1589 308 1638 genua
318 1578 433 1625 nutantia
443 1577 530 1636 erigite
538 1596 545 1634 ;
553 1579 581 1623 ut
591 1587 635 1639 per
644 1577 791 1637 patientiam

193 1645 299 1692 crrrratis
308 1641 403 1692 alacres
417 1645 442 1690 et
453 1643 571 1704 expediti.

222 1788 251 1836 ln
263 1792 373 1848 tempore
386 1796 528 1848 paucorum
540 1784 652 1843 eliaam,
666 1783 694 1834 ld
705 1787 760 1845 est,
770 1782 803 1833 ad
813 1785 893 1832 uitam
905 1782 1071 1845 temporalem
1081 1787 1107 1832 et
1116 1782 1188 1833 valde
1199 1784 1256 1832 bre-

191 1869 257 1905 vem.
271 1855 327 1917 Syr.
338 1853 370 1903 aci
386 1853 516 1902 modicum
529 1857 638 1915 tempus.

223 1928 364 1980 Secundum
381 1927 550 1987 voluntatem,
563 1927 589 1976 id
599 1932 653 1987 est,
665 1941 710 1992 pre
726 1926 847 1978 arbitratu
859 1939 921 1987 suo,
940 1939 991 1977 uon
1003 1939 1104 1990 semper
1118 1927 1151 1976 arl
1164 1927 1256 1976 utilita-

191 2003 244 2047 tem
254 1999 367 2048 nestram
381 1996 552 2058 attendentes,
564 2007 629 2058 saepe
640 2009 671 2046 ex
681 2009 765 2046 errore
774 1995 930 2060 ,aliquando
943 1996 1004 2044 vitia
1017 2007 1064 2057 pro
1074 1996 1210 2046 virtutibus
1220 1999 1258 2045 iu·

193 2067 323 2117 stillantes.

221 2139 269 2187 iiic
282 2143 383 2194 ouem,
397 2134 423 2186 iri
434 2139 487 2196 est,
498 2135 571 2186 Pater
580 2137 734 2198 spirituum,
751 2147 796 2185 seu
809 2134 875 2184 Deus
885 2169 892 2194 ,
904 2135 1075 2195 veruspater,
1088 2135 1195 2195 castigat
1203 2149 1257 2184 nes.

222 2213 260 2262 ld
272 2213 300 2261 tri
318 2212 384 2274 quod
397 2211 458 2260 utile
476 2216 523 2268 est,
536 2210 562 2260 io
572 2213 610 2260 est
620 2246 627 2270 ,
639 2209 672 2258 ad
690 2208 825 2259 utilitatem
839 2211 970 2266 nestram
982 2209 1043 2268 quia
1061 2211 1136 2270 puter
1149 2212 1258 2272 optimos

192 2283 216 2328 et
228 2281 426 2341 sapientissimus
436 2316 442 2338 ‚
451 2281 495 2340 qui
506 2291 554 2328 nee
565 2282 633 2328 errat
644 2289 691 2327 uec
704 2280 789 2340 pravis
797 2276 930 2327 allectione
939 2275 1076 2336 abripitur.

225 2350 253 2398 lit
265 2349 401 2410 participes
414 2348 586 2409 efficiemur...
598 2347 642 2400 Gr.
651 2347 684 2396 ad
695 2347 869 2410 recipiendum
884 2343 1112 2394 sanctificationem
1128 2349 1194 2406 ejus.

222 2415 250 2464 ld
263 2420 300 2464 est
310 2452 317 2476 ,
326 2419 360 2472 ,ut
375 2418 509 2478 participes
520 2416 611 2465 tiamne
621 2417 760 2466 sanctitatis
771 2419 839 2476 aas,
851 2418 876 2464 et
890 2418 1075 2476 cousequenter
1085 2419 1189 2467 aterna
1200 2417 1260 2467 bea-

193 2482 310 2532 titudinis
322 2482 392 2531 illius
403 2493 471 2544 equo
480 2484 541 2544 quid
556 2483 662 2534 utillust

225 2561 262 2609 ii.
278 2557 365 2608 Omnis
377 2562 461 2606 aetem
473 2557 621 2620 discipline,
636 2559 662 2608 id
678 2561 731 2616 est,
743 2559 872 2619 castigatio
885 2556 979 2608 divina.

223 2634 252 2681 ln
262 2633 380 2695 presenti
394 2633 507 2694 pridem,
520 2631 546 2681 io
562 2634 612 2691 ost,
624 2633 653 2680 lu
665 2631 742 2692 hujus
752 2634 810 2681 rita
821 2637 933 2694 tempore
943 2651 951 2692 ;
961 2645 1019 2693 seu,
1033 2636 1063 2683 ut
1074 2636 1112 2684 ait
1124 2635 1220 2699 Syrna,
1232 2648 1260 2685 co

124 2743 127 2752 .
192 2705 245 2764 ipso
262 2705 434 2765 temporeque
448 2700 485 2752 lli.

227 2777 335 2834 Videtur,
348 2774 486 2824 secuudum
500 2785 604 2836 sensns,
616 2773 721 2825 seilicet.

224 2851 278 2900 Noe
291 2863 341 2899 esse
353 2850 460 2911 peredit,
472 2850 514 2898 scd
524 2850 650 2898 moerorr‘s.
662 2849 754 2900 causat
765 2851 834 2900 enirn
845 2849 956 2899 dolorem
966 2851 991 2898 in
1004 2855 1136 2911 praesenti.

223 2925 313 2974 Postea
329 2929 412 2972 autom
426 2922 537 2984 [rectum
551 2924 750 2985 pecatissimum.
765 2923 808 2972 Gr.
817 2923 961 2986 pacificum.
972 2923 1029 2986 Syr.
1039 2923 1141 2976 fruetus
1154 2930 1225 2990 pacis
1238 2931 1261 2976 ct

191 2994 294 3054 justitiae
307 2991 397 3040 datura
408 2993 446 3039 est
457 2989 507 3040 iilis
518 2994 562 3052 qui
577 3005 621 3054 per
635 3004 691 3040 earu
702 2993 830 3040 exercitati
847 2991 949 3041 tuerint.

221 3062 308 3120 ltaque
321 3072 372 3108 non
384 3071 412 3108 ex
427 3069 501 3109 sensu
513 3059 680 3120 judicandum
697 3059 728 3108 de
747 3061 892 3120 passionum
910 3061 1006 3121 pretio,
1019 3059 1065 3110 sed
1083 3073 1117 3111 ex
1138 3062 1262 3114 iructibur

193 3131 276 3192 pacis,
290 3129 409 3189 iustiliae,
423 3127 587 3180 beatitudinis
598 3129 714 3192 ctglorioe
725 3132 834 3178 aterne.

221 3199 287 3248 licus
300 3199 423 3260 castigaus
434 3197 507 3259 lingit
520 3210 579 3258 nos,
591 3198 688 3257 erudit,
704 3196 820 3258 perlicit,
833 3199 861 3246 ut
872 3197 952 3246 simus
964 3194 1009 3244 lilii
1022 3202 1109 3248 sancti
1120 3238 1128 3260 ,
1139 3201 1261 3264 perlecti,

193 3272 217 3319 ei
230 3267 326 3319 similes
337 3305 343 3328 ,
355 3270 410 3328 ejus
421 3271 521 3316 aterne
532 3266 659 3317 felicitatis
669 3277 780 3330 capaces.

220 3339 264 3389 list
274 3341 344 3402 pater
352 3376 358 3398 ,
367 3337 531 3400 pedagogos,
542 3339 647 3389 amicus.

223 3409 280 3458 llaec
295 3413 416 3471 penetra,
430 3410 455 3457 et
472 3418 548 3456 orune
562 3405 683 3468 gaudium
699 3404 853 3455 existimabis
868 3407 920 3468 pati
933 3405 980 3454 sub
991 3405 1043 3456 lieo
1062 3414 1138 3471 petre
1151 3448 1158 3470 ,
1171 3414 1223 3460 etc.
1236 3413 1263 3456 ut

192 3482 227 3528 sis
238 3477 304 3528 illius
319 3478 379 3537 liei,
393 3481 440 3527 etc.

229 3563 267 3610 tt.
280 3561 389 3621 Propter
402 3559 469 3625 quod
482 3559 599 3608 remissos
614 3570 734 3606 munus...

222 3628 259 3677 llx
278 3629 409 3690 principiis
427 3626 502 3689 supra
519 3627 606 3689 positis
621 3625 749 3674 concludit
762 3635 866 3687 pergens
880 3628 906 3674 lu
925 3625 1076 3689 metaphora
1090 3629 1262 3686 athletarum,

192 3699 216 3745 ot
230 3695 343 3745 liebreos
357 3697 487 3752 hortatur,

224 3762 310 3812 Primo
322 3799 329 3821 ,
339 3767 368 3811 ut
378 3763 482 3812 excussa
494 3761 623 3823 socordia,
636 3761 744 3810 viriiiter
757 3765 870 3822 pugnent
886 3763 911 3809 et
923 3766 1038 3810 currant.

226 3832 349 3884 Ramesses
364 3844 468 3888 menes,
481 3831 506 3878 id
519 3836 569 3889 est,
580 3829 710 3890 languidas
721 3833 746 3876 et
761 3828 906 3890 pendentes.

193 3964 213 4012 u
226 3897 367 4011 Etetzolute.
384 3897 439 3958 Syr.
451 3901 567 3946 nutantia
580 3911 661 3960 penes
673 3899 776 3960 eripite,
792 3901 819 3945 ut
836 3896 931 3946 scilieet
945 3909 990 3960 per
1001 3901 1160 3961 patientiam
1173 3913 1262 3950 curra·

215 3975 239 4024 s,
291 3995 300 4012 .
