2670 4542
193 283 230 332 to
326 279 501 346 ¹SECUNDAE
520 278 695 332 EPISTOLAE
714 280 760 331 sb
777 275 1109 332 THESSALONICENSES

193 373 225 420 its
250 374 293 433 qui
312 385 365 422 non
388 373 509 422 obediunt
536 372 672 434 Evangelio
691 372 792 422 bomini
816 376 996 438 retribuum,
1010 373 1098 440 etqui
1116 385 1173 424 non
1185 371 1260 424 obe.

193 442 272 490 nostri
289 440 349 491 lesu
362 441 463 492 christi.
816 452 1053 520 diunt-Evangelio
1064 449 1175 504 bomini
1189 463 1261 502 nos-

818 531 852 584 tri
862 533 927 583 iesu
937 529 1036 582 Christi
1041 545 1050 592 ;

224 596 271 658 Qui
287 610 375 661 punas
391 596 476 662 luent,
492 600 625 650 interitum
642 597 741 651 soiiteat
759 607 793 646 n-
850 605 935 669 ppuq
945 619 1042 672 poenas
1053 603 1159 658 dabunt
1170 601 1198 654 qn
1212 601 1260 653 qn.

194 668 295 714 ternum
307 700 314 726 ‚
328 679 404 728 quem
419 665 595 729 pronuntiabit
605 678 633 716 os
645 665 756 732 Domini,
767 667 793 714 et
815 683 898 736 [erim
921 689 1056 743 aetefflas,
1077 680 1094 733 p
1110 679 1181 732 faeie
1198 681 1259 730 po.

194 743 342 818 ⁸3⁵⁰q¹¹⁶¹¹¹³
357 735 489 819 {fimum
501 737 670 818 v¹¹t⁰⁵.⁰l¹¹³'
682 747 727 818 ξω
740 733 792 796 ψ
816 760 885 814 mini
894 766 922 814 et
936 759 1049 828 dgiorii
1057 757 1165 812 virtutis
1176 755 1258 823 ejus:

139 853 141 860 ,
194 817 261 854 mosa
272 809 297 854 et
309 805 429 855 terribilia
444 804 514 855 iilius
525 808 707 868 omnipotentra
721 822 728 854 ι

188 932 246 1020 ¹nou
269 969 389 1022 obediunt
398 989 406 1032 t
423 971 513 1032 idest,
534 974 560 1021 et
578 970 610 1022 da
627 968 773 1021 iniidaiibns
789 968 883 1031 qulbus
898 965 940 1017 rel
955 963 1119 1029 predicatum
1139 973 1191 1012 non
1210 961 1261 1012 iuti

194 1039 375 1102 Evangelinm,
391 1040 435 1091 rel
451 1037 515 1090 iilud
528 1053 580 1090 non
591 1044 758 1104 receperunt:
776 1043 801 1089 et
812 1039 844 1088 de
862 1036 977 1086 iideltbus
993 1033 1097 1095 illisqui
1109 1039 1261 1093 receperunt

194 1107 296 1168 quidem
313 1108 493 1170 Evangelinm,
513 1109 556 1159 sad
574 1109 716 1170 seeunddm
740 1107 803 1160 illud
822 1109 902 1158 vitam
917 1117 990 1156 sunm
1010 1115 1062 1154 non
1077 1104 1259 1170 instituerunt¹

192 1174 247 1225 imd
266 1175 338 1236 inette
358 1177 435 1228 iidem
455 1173 587 1239 negarunt.

224 1245 278 1296 buo
291 1248 376 1308 itaque
393 1247 426 1297 ad
440 1247 548 1297 salntem
562 1251 717 1308 necessaria,
732 1246 845 1308 seilicet,
856 1243 990 1305 Evangelio
1004 1240 1121 1301 eredere,
1135 1243 1161 1293 et
1170 1239 1260 1290 Evan-

194 1314 258 1375 gelio
281 1314 399 1378 obeditur
419 1320 444 1366 et
465 1328 518 1368 non
535 1315 635 1377 minda,
653 1317 723 1376 imo,
742 1315 1001 1378 gravidapunientnr
1016 1307 1150 1372 Evangelio
1169 1308 1261 1358 inobe-

195 1383 307 1445 dientes,
325 1384 402 1446 quim
418 1384 552 1448 Evangelio
564 1397 616 1436 non
631 1385 762 1435 eredentes
779 1402 786 1434 ι
808 1397 908 1452 amous,
925 1381 969 1444 qut
983 1381 1028 1430 reti
1040 1379 1193 1431 ooioomtem
1206 1378 1261 1428 Do-

195 1455 260 1503 mini
277 1459 300 1524 et
318 1468 368 1504 nou
382 1454 461 1519 feeit,
482 1455 618 1517 vapulabit
636 1455 731 1504 multis.
1252 1451 1255 1456 '

226 1539 250 1586 9.
273 1536 323 1594 Qut
341 1549 430 1598 poeuur
444 1536 544 1586 dubunt
560 1538 589 1586 tu
608 1537 711 1587 interitu
728 1541 840 1586 aarum.

225 1603 268 1656 Gr.
283 1604 330 1666 Qui
343 1617 445 1668 punam
457 1605 542 1667 luent,
559 1608 693 1658 interitum
709 1610 842 1655 aeternnm.

226 1672 318 1723 Sensus
333 1678 371 1724 est
382 1693 389 1725 ε
402 1686 489 1739 poenas
502 1675 575 1724 luent
586 1677 675 1724 mortis
692 1678 810 1724 aterna:
825 1675 860 1722 ita
877 1673 963 1722 miseri
978 1674 1054 1721 erunt
1070 1683 1101 1720 aa
1119 1672 1139 1720 si
1158 1679 1259 1734 semper

198 1743 344 1802 interirent3
363 1756 425 1802 seu.
445 1744 564 1794 interlitis
581 1747 607 1794 ai
622 1744 718 1805 agoniae
729 1741 826 1792 dolores
837 1742 864 1790 in
876 1745 999 1790 eternum
1014 1740 1132 1790 sentient.

226 1811 326 1875 Proprie
337 1813 478 1866 interibunt
488 1812 619 1874 uunquam
629 1833 637 1873 ;
648 1824 707 1872 seu,
717 1823 771 1861 esse
780 1823 832 1860 non
843 1809 977 1870 desinent,
989 1808 1033 1858 aad
1042 1807 1159 1858 interitus
1170 1821 1258 1872 prunas

196 1893 295 1946 semper
313 1881 402 1944 luent,
418 1887 444 1933 et
461 1885 488 1934 in
508 1887 641 1933 aternum.

225 1958 245 2006 Α
259 1957 325 2076 grcia
336 1957 453 2017 Domini,
466 1956 494 2008 id
512 1963 563 2018 est.
575 1956 608 2008 ab
622 1966 665 2006 oro
677 1958 703 2006 et
719 1953 843 2006 sententia
859 1953 953 2005 christi
969 1953 1098 2004 bomini...
1111 1951 1174 2002 Vide
1185 1966 1259 2016 parn-

196 2024 259 2088 pbra
282 2037 319 2076 m.

226 2095 287 2157 Vel,
301 2097 369 2149 bane
380 2110 485 2161 poenam
494 2099 618 2162 recipient
630 2098 658 2148 in
670 2096 766 2158 iudicio
779 2095 811 2145 ab
823 2096 877 2158 ipso
891 2097 916 2144 ei
932 2093 984 2143 snio
996 2097 1098 2156 aspectu
1114 2093 1227 2142 bomini.

226 2163 305 2215 Tanta
316 2168 365 2214 erit
383 2168 437 2226 ejus
447 2169 565 2228 mutuatas
575 2170 600 2216 et
611 2164 689 2226 gioria
699 2201 706 2224 ,
718 2167 790 2213 tanta
800 2164 882 2213 virtus
892 2167 919 2211 ot
929 2163 1056 2225 potentin,
1071 2161 1127 2209 ideo
1136 2161 1258 2212 terribilis

196 2235 298 2294 aspectu
318 2235 437 2283 omnibus
452 2237 555 2297 impiis,
574 2233 605 2283 ob
623 2236 689 2284 iram
704 2236 730 2282 et
748 2231 964 2292 indignationem,
982 2235 1011 2279 nt
1028 2232 1081 2290 ejus
1096 2233 1258 2292 presentiam

197 2299 260 2350 terra
271 2312 324 2350 non
338 2301 466 2363 unientes,
481 2304 571 2352 mortis
584 2304 684 2352 aterna
697 2312 785 2364 punus
800 2303 825 2349 ei
837 2300 954 2360 agoniam
967 2303 1106 2358 sternam,
1125 2311 1155 2347 ex
1178 2301 1258 2362 ipsius

197 2366 249 2417 solo
267 2373 370 2432 aspectu
385 2369 474 2419 luituri
489 2371 549 2420 sint.

225 2441 382 2492 Ousnnmrro
394 2456 542 2494 nrrrnmurs
553 2455 585 2493 nr
603 2455 721 2492 nononis.
732 2469 764 2480 -
775 2443 795 2491 A
808 2441 872 2504 [οοίο
882 2441 992 2491 Domini.

225 2511 379 2563 Faetltutem
392 2512 516 2575 declarat,
533 2516 571 2564 nit
587 2512 788 2576 Theopbyiantus
800 2531 808 2562 ι
820 2513 880 2560 satis
896 2515 934 2561 est
948 2513 1032 2561 visum
1048 2524 1101 2562 assa
1116 2513 1215 2574 baum,
1232 2518 1258 2562 ot

197 2579 366 2631 ¹vnobedienies
386 2583 413 2632 tn
428 2582 503 2644 puni
518 2584 602 2631 erunt.

226 2648 313 2710 Magno
323 2662 374 2700 non
385 2662 447 2712 opus
457 2653 496 2700 ast
508 2652 607 2712 negotio
621 2647 667 2712 (nd
675 2648 814 2712 perdendos
825 2647 921 2699 scilieet
931 2649 1022 2711 impios
1034 2647 1042 2712 )
1055 2661 1117 2710 quos
1131 2650 1181 2699 sola
1199 2663 1258 2714 pes·

196 2718 323 2836 οοπιξοοῐῑ
341 2719 442 2770 bomini
456 2721 589 2783 prasentia
599 2739 608 2781 ς
619 2718 675 2768 aliis
691 2717 794 2781 quidem
813 2720 850 2768 est
865 2717 926 2779 lux,
939 2717 995 2768 aliis
1015 2720 1075 2768 rero
1092 2720 1257 2783 suppiiotum.

195 2787 250 2836 S.G
268 2791 431 2850 rysostomns.

225 2857 283 2907 iiaen
295 2869 353 2918 ergo
375 2858 462 2908 eadem
475 2858 576 2908 bomini
595 2855 670 2908 iactes
678 2875 686 2916 ;
698 2857 845 2918 prasentia,
857 2858 990 2917 majestas,
1005 2869 1050 2906 seu
1064 2860 1198 2920 aspectus,
1212 2860 1255 2920 qui
1329 2873 1330 2878 ¹

197 2923 305 2975 iutiileai
318 2937 347 2974 ao
360 2925 486 2975 bentiiic-nt
495 2930 611 2986 sanctos,
624 2923 750 2984 torquebit
760 2927 785 2974 at
795 2925 892 2975 occidet
902 2925 1001 2988 impios.

226 2992 296 3046 Unde
309 2991 364 3042 buo
378 2993 513 3042 eiteotnum
525 2993 674 3042 diversitas?

187 3067 190 3074 “
225 3063 262 3112 iix
274 3052 506 3112 diversabonornm
516 3066 541 3112 et
555 3062 682 3112 maiorum
692 3061 864 3126 dispositione.

226 3132 295 3182 Siout
307 3131 394 3181 eadem
403 3131 446 3181 lux
461 3131 519 3182 sotis
535 3131 638 3182 oeulum
648 3145 739 3182 sanum
751 3140 861 3194 reorent,
872 3133 968 3197 agrum
981 3137 1096 3197 torquet;

225 3203 261 3252 ltu
272 3202 369 3261 saneti,
382 3202 442 3262 quin
452 3203 533 3250 saneti
546 3205 572 3266 et
582 3201 673 3251 mundi
691 3202 868 3264 corde‚iienm
884 3205 1043 3254 sanctitatem
1057 3207 1154 3266 ipsam,
1165 3205 1257 3257 viden·
1329 3235 1330 3238 =

197 3283 232 3330 tes
241 3277 365 3341 ,gaudent
378 3280 402 3327 et
413 3279 504 3328 vivunt
514 3299 521 3340 ;
532 3280 604 3341 impii
614 3316 621 3341 ‚
636 3281 695 3341 qnia
707 3282 778 3342 impii
787 3284 812 3330 et
823 3281 947 3332 immundi
957 3281 1046 3340 corde,
1060 3281 1139 3331 Deum
1151 3285 1246 3336 mnndi·
1329 3341 1330 3344 Ἴ

196 3351 257 3399 tiem
273 3350 370 3411 ipsam,
384 3347 498 3398 videntes
511 3352 662 3411 torquentur
672 3354 698 3400 et
713 3351 829 3400 interitus
842 3350 938 3400 dolores
948 3353 1070 3400 sentiunt.

224 3419 297 3468 Beati
311 3431 369 3480 erqo
384 3419 476 3468 muodo
491 3420 592 3469 eorde...
607 3421 729 3481 quoniam
745 3421 797 3483 ipsi
807 3421 886 3470 Deum
894 3421 1026 3482 videbunt,
1041 3422 1135 3483 etquis
1154 3426 1245 3476 mundi

196 3487 291 3548 Mum,
303 3501 433 3539 summurn
444 3488 539 3539 bonum
555 3489 682 3548 videntes,
692 3489 863 3552 possidebunt.

226 3556 267 3606 Vra
280 3557 420 3608 immundis
428 3557 520 3618 corda,
540 3559 660 3620 qnoniam
672 3562 696 3607 et
708 3560 755 3620 ipsi
772 3557 851 3606 baum
859 3556 990 3616 videbunt3
1001 3561 1027 3606 ut
1037 3557 1117 3606 Deum
1129 3560 1244 3612 mundun
1329 3575 1330 3588 ¹

195 3625 322 3675 immundi
334 3625 447 3676 vitiantes
458 3626 690 3688 ,agonizabuntnr‚
706 3627 795 3674 mortis
807 3628 905 3672 aeiernae
918 3635 1004 3685 poenas
1017 3625 1095 3673 luent.

226 3693 291 3754 Quid
304 3696 341 3744 est
357 3707 414 3756 ergo
427 3695 512 3745 bauai
525 3707 577 3744 non
588 3695 674 3746 mimis
689 3703 863 3756 perversorum
872 3702 944 3751 poenn
954 3728 960 3751 ‚
969 3693 1045 3752 quim
1055 3691 1192 3746 humilium
1201 3699 1244 3760 glo
1329 3747 1330 3764 χ

196 3760 448 3821 riae31iuxesienim
465 3782 472 3812 ι
486 3761 535 3812 hoo
546 3763 671 3812 divinitus
682 3758 826 3823 explicati).
841 3757 1001 3820 bernardus,
1014 3759 1059 3811 ub.
1069 3762 1099 3822 b,
1111 3761 1143 3812 du
1152 3763 1245 3816 Consid
1329 3771 1330 3796 ³

196 3842 251 3891 nup.
268 3831 305 3878 it.
320 3829 381 3879 Vide
390 3829 506 3880 divinum
521 3830 570 3880 hoe
582 3833 666 3893 capnt.
1329 3857 1330 3896 3

227 3897 298 3958 Quod
312 3898 341 3948 b.
353 3898 446 3949 Paulus
460 3899 503 3949 bie
514 3900 614 3950 dioitde
625 3899 724 3949 Domini
737 3898 868 3960 prasentia
877 3897 959 3959 quoad
970 3897 1094 3950 melorum
1102 3901 1255 3964 snppiiuium
1329 3899 1330 3906 ’

199 3968 227 4018 in
240 3966 336 4029 judicio
354 3967 462 4029 munao,
476 3969 542 4020 idem
553 3967 695 4031 intelligant
705 3967 736 4018 de
746 3967 841 4030 judicio
852 3969 918 4032 quod
929 3968 957 4020 ili
966 3972 993 4020 in
1009 3969 1097 4021 mortis
1107 3971 1224 4024 articulo.
