<?xml version="1.0" encoding="UTF-8"?>
<!DOCTYPE html PUBLIC "-//W3C//DTD XHTML 1.0 Transitional//EN"
    "http://www.w3.org/TR/xhtml1/DTD/xhtml1-transitional.dtd">
<html xmlns="http://www.w3.org/1999/xhtml" xml:lang="en" lang="en">
 <head>
  <title>
</title>
<meta http-equiv="Content-Type" content="text/html;charset=utf-8" />
  <meta name='ocr-system' content='tesseract 3.04.00' />
  <meta name='ocr-capabilities' content='ocr_page ocr_carea ocr_par ocr_line ocrx_word'/>
</head>
<body>
  <div class='ocr_page' id='page_1' title='image "./epistolarumbpau02berngoog/epistolarumbpau02berngoog_0343.png"; bbox 0 0 2622 4552; ppageno 0'>
   <div class='ocr_carea' id='block_1_1' title="bbox 175 263 1306 432">
    <p class='ocr_par' dir='ltr' id='par_1_1' title="bbox 175 263 1306 432">
     <span class='ocr_line' id='line_1_1' title="bbox 175 263 1306 350; baseline -0.003 -22"><span class='ocrx_word' id='word_1_1' title='bbox 175 276 227 328; x_wconf 66' lang='grc' dir='ltr'><strong>ιιιι</strong></span> <span class='ocrx_word' id='word_1_2' title='bbox 466 272 674 328; x_wconf 74' lang='grc' dir='ltr'><strong>ΕΡΙὸΤθιιιι</strong></span> <span class='ocrx_word' id='word_1_3' title='bbox 693 275 742 327; x_wconf 75' lang='lat' dir='ltr'><strong>AD</strong></span> <span class='ocrx_word' id='word_1_4' title='bbox 761 263 952 326; x_wconf 79' lang='lat' dir='ltr'>HEBRAEOS</span> <span class='ocrx_word' id='word_1_5' title='bbox 1305 337 1306 350; x_wconf 16' lang='grc' dir='ltr'><strong>ἶ</strong></span> 
     </span>
     <span class='ocr_line' id='line_1_2' title="bbox 204 363 1306 432; baseline -0.001 -14"><span class='ocrx_word' id='word_1_6' title='bbox 204 369 317 418; x_wconf 84' lang='lat' dir='ltr'><strong>Christus</strong></span> <span class='ocrx_word' id='word_1_7' title='bbox 329 368 561 419; x_wconf 82' lang='lat' dir='ltr'><strong>autenradrenlens</strong></span> <span class='ocrx_word' id='word_1_8' title='bbox 579 367 691 432; x_wconf 83' lang='lat' dir='ltr'><strong>pontilex</strong></span> <span class='ocrx_word' id='word_1_9' title='bbox 705 369 777 418; x_wconf 81' lang='lat' dir='ltr'><strong>aeter-</strong></span> <span class='ocrx_word' id='word_1_10' title='bbox 833 372 879 421; x_wconf 86' lang='lat' dir='ltr'><strong>tl.</strong></span> <span class='ocrx_word' id='word_1_11' title='bbox 900 367 1024 421; x_wconf 85' lang='lat' dir='ltr'><strong>cbristus</strong></span> <span class='ocrx_word' id='word_1_12' title='bbox 1042 372 1135 420; x_wconf 85' lang='lat' dir='ltr'><strong>autem</strong></span> <span class='ocrx_word' id='word_1_13' title='bbox 1156 363 1234 420; x_wconf 86' lang='lat' dir='ltr'><strong>assis-</strong></span> <span class='ocrx_word' id='word_1_14' title='bbox 1305 377 1306 390; x_wconf 44' lang='grc' dir='ltr'><strong>ι</strong></span> 
     </span>
    </p>
   </div>
   <div class='ocr_carea' id='block_1_2' title="bbox 174 437 1306 588">
    <p class='ocr_par' dir='ltr' id='par_1_2' title="bbox 174 437 1306 588">
     <span class='ocr_line' id='line_1_3' title="bbox 175 437 1306 510; baseline 0.004 -24"><span class='ocrx_word' id='word_1_15' title='bbox 175 438 409 499; x_wconf 89' lang='lat' dir='ltr'><strong>uorumbouorum‚</strong></span> <span class='ocrx_word' id='word_1_16' title='bbox 418 451 461 500; x_wconf 89' lang='lat' dir='ltr'><strong>per</strong></span> <span class='ocrx_word' id='word_1_17' title='bbox 471 437 572 498; x_wconf 75' lang='lat' dir='ltr'><strong>dignius</strong></span> <span class='ocrx_word' id='word_1_18' title='bbox 581 444 606 488; x_wconf 90' lang='lat' dir='ltr'><strong>et</strong></span> <span class='ocrx_word' id='word_1_19' title='bbox 614 437 777 488; x_wconf 86' lang='lat' dir='ltr'><strong>excellentius</strong></span> <span class='ocrx_word' id='word_1_20' title='bbox 799 451 861 498; x_wconf 67' lang='lat' dir='ltr'><strong>qens</strong></span> <span class='ocrx_word' id='word_1_21' title='bbox 879 443 1001 510; x_wconf 67' lang='lat' dir='ltr'><strong>pontifex</strong></span> <span class='ocrx_word' id='word_1_22' title='bbox 1020 443 1236 496; x_wconf 62' lang='lat' dir='ltr'><strong>fututor-umbo-</strong></span> <span class='ocrx_word' id='word_1_23' title='bbox 1305 486 1306 510; x_wconf 30' lang='lat' dir='ltr'><strong>q</strong></span> 
     </span>
     <span class='ocr_line' id='line_1_4' title="bbox 174 505 1306 588; baseline -0.006 -33"><span class='ocrx_word' id='word_1_24' title='bbox 174 507 437 567; x_wconf 76' lang='lat' dir='ltr'><strong>tabernaculum,uon</strong></span> <span class='ocrx_word' id='word_1_25' title='bbox 448 505 583 557; x_wconf 87' lang='lat' dir='ltr'><strong>homiuum</strong></span> <span class='ocrx_word' id='word_1_26' title='bbox 595 507 713 558; x_wconf 86' lang='lat' dir='ltr'><strong>manibus</strong></span> <span class='ocrx_word' id='word_1_27' title='bbox 723 505 777 556; x_wconf 87' lang='lat' dir='ltr'><strong>iae-</strong></span> <span class='ocrx_word' id='word_1_28' title='bbox 800 536 916 585; x_wconf 61' lang='lat' dir='ltr'><strong>nomm,</strong></span> <span class='ocrx_word' id='word_1_29' title='bbox 932 534 982 588; x_wconf 62' lang='lat' dir='ltr'><strong>per</strong></span> <span class='ocrx_word' id='word_1_30' title='bbox 994 520 1115 588; x_wconf 64' lang='lat' dir='ltr'><strong>amplius</strong></span> <span class='ocrx_word' id='word_1_31' title='bbox 1132 527 1159 572; x_wconf 59' lang='lat' dir='ltr'><strong>eq</strong></span> <span class='ocrx_word' id='word_1_32' title='bbox 1179 533 1236 586; x_wconf 57' lang='lat' dir='ltr'><strong>pes.</strong></span> <span class='ocrx_word' id='word_1_33' title='bbox 1305 543 1306 548; x_wconf 73' lang='grc'>,</span> 
     </span>
    </p>
   </div>
   <div class='ocr_carea' id='block_1_3' title="bbox 127 709 1235 1323">
    <p class='ocr_par' dir='ltr' id='par_1_3' title="bbox 175 709 1235 910">
     <span class='ocr_line' id='line_1_5' title="bbox 206 709 1234 772; baseline 0 -13"><span class='ocrx_word' id='word_1_34' title='bbox 206 709 338 769; x_wconf 89' lang='lat' dir='ltr'><strong>Seeuudd,</strong></span> <span class='ocrx_word' id='word_1_35' title='bbox 355 709 418 758; x_wconf 90' lang='lat' dir='ltr'><strong>illud</strong></span> <span class='ocrx_word' id='word_1_36' title='bbox 431 709 641 769; x_wconf 86' lang='lat' dir='ltr'><strong>tabernaculum,</strong></span> <span class='ocrx_word' id='word_1_37' title='bbox 656 721 700 758; x_wconf 89' lang='lat' dir='ltr'><strong>seu</strong></span> <span class='ocrx_word' id='word_1_38' title='bbox 713 711 852 758; x_wconf 88' lang='lat' dir='ltr'><strong>tentorium</strong></span> <span class='ocrx_word' id='word_1_39' title='bbox 869 710 945 758; x_wconf 86' lang='lat' dir='ltr'><strong>luisse</strong></span> <span class='ocrx_word' id='word_1_40' title='bbox 958 711 1031 770; x_wconf 87' lang='lat' dir='ltr'><strong>quasi</strong></span> <span class='ocrx_word' id='word_1_41' title='bbox 1044 709 1169 772; x_wconf 88' lang='lat' dir='ltr'><strong>templum</strong></span> <span class='ocrx_word' id='word_1_42' title='bbox 1184 723 1234 772; x_wconf 84' lang='lat' dir='ltr'><strong>por-</strong></span> 
     </span>
     <span class='ocr_line' id='line_1_6' title="bbox 177 777 1235 842; baseline 0.001 -14"><span class='ocrx_word' id='word_1_43' title='bbox 177 778 262 838; x_wconf 90' lang='lat' dir='ltr'><strong>tatile,</strong></span> <span class='ocrx_word' id='word_1_44' title='bbox 275 780 301 826; x_wconf 91' lang='lat' dir='ltr'><strong>in</strong></span> <span class='ocrx_word' id='word_1_45' title='bbox 313 791 363 839; x_wconf 91' lang='lat' dir='ltr'><strong>quo</strong></span> <span class='ocrx_word' id='word_1_46' title='bbox 375 779 454 828; x_wconf 81' lang='lat' dir='ltr'><strong>ludaei</strong></span> <span class='ocrx_word' id='word_1_47' title='bbox 467 781 655 841; x_wconf 78' lang='lat' dir='ltr'><strong>peregrinantes</strong></span> <span class='ocrx_word' id='word_1_48' title='bbox 668 791 712 840; x_wconf 91' lang='lat' dir='ltr'><strong>per</strong></span> <span class='ocrx_word' id='word_1_49' title='bbox 723 777 851 828; x_wconf 86' lang='lat' dir='ltr'><strong>desertum</strong></span> <span class='ocrx_word' id='word_1_50' title='bbox 862 816 869 838; x_wconf 93' lang='lat'>,</span> <span class='ocrx_word' id='word_1_51' title='bbox 879 778 959 827; x_wconf 83' lang='lat' dir='ltr'><strong>Deum</strong></span> <span class='ocrx_word' id='word_1_52' title='bbox 970 779 1087 829; x_wconf 89' lang='lat' dir='ltr'><strong>colebant</strong></span> <span class='ocrx_word' id='word_1_53' title='bbox 1100 798 1108 827; x_wconf 72' lang='grc' dir='ltr'><strong>ι</strong></span> <span class='ocrx_word' id='word_1_54' title='bbox 1121 784 1146 828; x_wconf 87' lang='lat' dir='ltr'><strong>et</strong></span> <span class='ocrx_word' id='word_1_55' title='bbox 1156 782 1182 830; x_wconf 90' lang='lat' dir='ltr'><strong>ln</strong></span> <span class='ocrx_word' id='word_1_56' title='bbox 1191 793 1235 842; x_wconf 93' lang='lat' dir='ltr'><strong>quo</strong></span> 
     </span>
     <span class='ocr_line' id='line_1_7' title="bbox 175 847 1108 910; baseline -0.002 -12"><span class='ocrx_word' id='word_1_57' title='bbox 175 849 257 909; x_wconf 85' lang='lat' dir='ltr'><strong>Deus,</strong></span> <span class='ocrx_word' id='word_1_58' title='bbox 271 851 343 908; x_wconf 86' lang='lat' dir='ltr'><strong>quasi</strong></span> <span class='ocrx_word' id='word_1_59' title='bbox 360 851 386 897; x_wconf 93' lang='lat' dir='ltr'><strong>lu</strong></span> <span class='ocrx_word' id='word_1_60' title='bbox 399 848 474 898; x_wconf 88' lang='lat' dir='ltr'><strong>domo</strong></span> <span class='ocrx_word' id='word_1_61' title='bbox 486 852 552 899; x_wconf 88' lang='lat' dir='ltr'><strong>inter</strong></span> <span class='ocrx_word' id='word_1_62' title='bbox 563 849 663 898; x_wconf 79' lang='lat' dir='ltr'><strong>ludaeos</strong></span> <span class='ocrx_word' id='word_1_63' title='bbox 679 847 829 906; x_wconf 80' lang='lat' dir='ltr'><strong>habitabat,</strong></span> <span class='ocrx_word' id='word_1_64' title='bbox 849 853 877 896; x_wconf 93' lang='lat' dir='ltr'><strong>ut</strong></span> <span class='ocrx_word' id='word_1_65' title='bbox 891 847 947 897; x_wconf 89' lang='lat' dir='ltr'><strong>illos</strong></span> <span class='ocrx_word' id='word_1_66' title='bbox 958 853 1108 910; x_wconf 82' lang='lat' dir='ltr'><strong>protegeret.</strong></span> 
     </span>
    </p>

    <p class='ocr_par' dir='ltr' id='par_1_4' title="bbox 175 916 1234 1046">
     <span class='ocr_line' id='line_1_8' title="bbox 206 916 1234 978; baseline 0 -12"><span class='ocrx_word' id='word_1_67' title='bbox 206 917 305 976; x_wconf 84' lang='lat' dir='ltr'><strong>Tertio,</strong></span> <span class='ocrx_word' id='word_1_68' title='bbox 324 917 371 967; x_wconf 91' lang='lat' dir='ltr'><strong>boc</strong></span> <span class='ocrx_word' id='word_1_69' title='bbox 388 917 581 967; x_wconf 85' lang='lat' dir='ltr'><strong>tabernaculum</strong></span> <span class='ocrx_word' id='word_1_70' title='bbox 598 917 715 966; x_wconf 86' lang='lat' dir='ltr'><strong>habuisse</strong></span> <span class='ocrx_word' id='word_1_71' title='bbox 734 918 837 976; x_wconf 85' lang='lat' dir='ltr'><strong>triginta</strong></span> <span class='ocrx_word' id='word_1_72' title='bbox 852 917 950 967; x_wconf 86' lang='lat' dir='ltr'><strong>oubltos</strong></span> <span class='ocrx_word' id='word_1_73' title='bbox 968 919 995 966; x_wconf 89' lang='lat' dir='ltr'><strong>iu</strong></span> <span class='ocrx_word' id='word_1_74' title='bbox 1011 916 1184 978; x_wconf 77' lang='lat' dir='ltr'><strong>longitudine,</strong></span> <span class='ocrx_word' id='word_1_75' title='bbox 1198 917 1234 966; x_wconf 78' lang='lat' dir='ltr'><strong>de</strong></span> 
     </span>
     <span class='ocr_line' id='line_1_9' title="bbox 175 985 794 1046; baseline -0.002 -11"><span class='ocrx_word' id='word_1_76' title='bbox 175 998 232 1035; x_wconf 91' lang='lat' dir='ltr'><strong>cem</strong></span> <span class='ocrx_word' id='word_1_77' title='bbox 251 987 277 1034; x_wconf 92' lang='grc' dir='ltr'><strong>ιιι</strong></span> <span class='ocrx_word' id='word_1_78' title='bbox 294 985 445 1046; x_wconf 64' lang='lat' dir='ltr'><strong>mitonins,</strong></span> <span class='ocrx_word' id='word_1_79' title='bbox 464 990 490 1035; x_wconf 91' lang='lat' dir='ltr'><strong>et</strong></span> <span class='ocrx_word' id='word_1_80' title='bbox 505 986 594 1037; x_wconf 88' lang='lat' dir='ltr'><strong>decem</strong></span> <span class='ocrx_word' id='word_1_81' title='bbox 610 989 636 1035; x_wconf 93' lang='lat' dir='ltr'><strong>in</strong></span> <span class='ocrx_word' id='word_1_82' title='bbox 652 985 794 1035; x_wconf 81' lang='lat' dir='ltr'><strong>altitudine.</strong></span> 
     </span>
    </p>

    <p class='ocr_par' dir='ltr' id='par_1_5' title="bbox 127 1052 1233 1254">
     <span class='ocr_line' id='line_1_10' title="bbox 127 1052 1233 1118; baseline 0 -16"><span class='ocrx_word' id='word_1_83' title='bbox 127 1055 133 1064; x_wconf 92' lang='lat'>&#39;</span> <span class='ocrx_word' id='word_1_84' title='bbox 206 1053 267 1113; x_wconf 84' lang='lat' dir='ltr'><strong>Ejus</strong></span> <span class='ocrx_word' id='word_1_85' title='bbox 278 1052 407 1115; x_wconf 81' lang='lat' dir='ltr'><strong>longitudo</strong></span> <span class='ocrx_word' id='word_1_86' title='bbox 423 1055 450 1102; x_wconf 90' lang='lat' dir='ltr'><strong>in</strong></span> <span class='ocrx_word' id='word_1_87' title='bbox 465 1055 527 1103; x_wconf 92' lang='lat' dir='ltr'><strong>duas</strong></span> <span class='ocrx_word' id='word_1_88' title='bbox 541 1059 624 1118; x_wconf 88' lang='lat' dir='ltr'><strong>partes</strong></span> <span class='ocrx_word' id='word_1_89' title='bbox 643 1067 687 1116; x_wconf 86' lang='lat' dir='ltr'><strong>per</strong></span> <span class='ocrx_word' id='word_1_90' title='bbox 700 1054 785 1102; x_wconf 83' lang='lat' dir='ltr'><strong>veltlm</strong></span> <span class='ocrx_word' id='word_1_91' title='bbox 800 1053 981 1102; x_wconf 89' lang='lat' dir='ltr'><strong>intermedium</strong></span> <span class='ocrx_word' id='word_1_92' title='bbox 996 1053 1165 1104; x_wconf 86' lang='lat' dir='ltr'><strong>dividebatur.</strong></span> <span class='ocrx_word' id='word_1_93' title='bbox 1183 1055 1233 1102; x_wconf 80' lang='lat' dir='ltr'><strong>Pars</strong></span> 
     </span>
     <span class='ocr_line' id='line_1_11' title="bbox 175 1121 1231 1186; baseline -0.001 -15"><span class='ocrx_word' id='word_1_94' title='bbox 175 1125 267 1184; x_wconf 85' lang='lat' dir='ltr'><strong>prima,</strong></span> <span class='ocrx_word' id='word_1_95' title='bbox 281 1134 325 1170; x_wconf 87' lang='lat' dir='ltr'><strong>seu</strong></span> <span class='ocrx_word' id='word_1_96' title='bbox 337 1121 459 1171; x_wconf 87' lang='lat' dir='ltr'><strong>Sanctum</strong></span> <span class='ocrx_word' id='word_1_97' title='bbox 469 1159 476 1178; x_wconf 87' lang='lat'>‚</span> <span class='ocrx_word' id='word_1_98' title='bbox 488 1121 595 1171; x_wconf 87' lang='lat' dir='ltr'><strong>babebat</strong></span> <span class='ocrx_word' id='word_1_99' title='bbox 609 1124 635 1172; x_wconf 89' lang='lat' dir='ltr'><strong>in</strong></span> <span class='ocrx_word' id='word_1_100' title='bbox 649 1121 806 1182; x_wconf 80' lang='lat' dir='ltr'><strong>longitudine</strong></span> <span class='ocrx_word' id='word_1_101' title='bbox 817 1122 906 1181; x_wconf 81' lang='lat' dir='ltr'><strong>viginti</strong></span> <span class='ocrx_word' id='word_1_102' title='bbox 919 1122 1030 1181; x_wconf 85' lang='lat' dir='ltr'><strong>cubitos;</strong></span> <span class='ocrx_word' id='word_1_103' title='bbox 1042 1135 1102 1186; x_wconf 89' lang='lat' dir='ltr'><strong>pars</strong></span> <span class='ocrx_word' id='word_1_104' title='bbox 1115 1123 1231 1182; x_wconf 86' lang='lat' dir='ltr'><strong>secunda,</strong></span> 
     </span>
     <span class='ocr_line' id='line_1_12' title="bbox 176 1191 1231 1254; baseline -0.004 -10"><span class='ocrx_word' id='word_1_105' title='bbox 176 1206 220 1244; x_wconf 82' lang='lat' dir='ltr'><strong>seu</strong></span> <span class='ocrx_word' id='word_1_106' title='bbox 237 1193 359 1242; x_wconf 90' lang='lat' dir='ltr'><strong>Sanctum</strong></span> <span class='ocrx_word' id='word_1_107' title='bbox 372 1195 517 1242; x_wconf 87' lang='lat' dir='ltr'><strong>sanctorum</strong></span> <span class='ocrx_word' id='word_1_108' title='bbox 532 1193 641 1243; x_wconf 88' lang='lat' dir='ltr'><strong>habehat</strong></span> <span class='ocrx_word' id='word_1_109' title='bbox 658 1191 823 1252; x_wconf 83' lang='lat' dir='ltr'><strong>longitudinis</strong></span> <span class='ocrx_word' id='word_1_110' title='bbox 843 1191 930 1240; x_wconf 88' lang='lat' dir='ltr'><strong>decem</strong></span> <span class='ocrx_word' id='word_1_111' title='bbox 949 1192 1065 1252; x_wconf 82' lang='lat' dir='ltr'><strong>cubitos;</strong></span> <span class='ocrx_word' id='word_1_112' title='bbox 1085 1193 1117 1242; x_wconf 90' lang='lat' dir='ltr'><strong>de</strong></span> <span class='ocrx_word' id='word_1_113' title='bbox 1137 1198 1231 1254; x_wconf 82' lang='lat' dir='ltr'><strong>utroquo</strong></span> 
     </span>
    </p>

    <p class='ocr_par' dir='ltr' id='par_1_6' title="bbox 158 1259 947 1323">
     <span class='ocr_line' id='line_1_13' title="bbox 158 1259 947 1323; baseline 0.001 -16"><span class='ocrx_word' id='word_1_114' title='bbox 158 1303 160 1307; x_wconf 88' lang='lat'>.</span> <span class='ocrx_word' id='word_1_115' title='bbox 175 1263 207 1315; x_wconf 82' lang='lat' dir='ltr'><strong>ii.</strong></span> <span class='ocrx_word' id='word_1_116' title='bbox 221 1261 314 1312; x_wconf 85' lang='lat' dir='ltr'><strong>Parrlus</strong></span> <span class='ocrx_word' id='word_1_117' title='bbox 328 1274 335 1310; x_wconf 85' lang='grc' dir='ltr'><strong>ι</strong></span> <span class='ocrx_word' id='word_1_118' title='bbox 351 1259 419 1310; x_wconf 89' lang='lat' dir='ltr'><strong>illius</strong></span> <span class='ocrx_word' id='word_1_119' title='bbox 430 1266 515 1311; x_wconf 88' lang='lat' dir='ltr'><strong>autern</strong></span> <span class='ocrx_word' id='word_1_120' title='bbox 532 1262 613 1311; x_wconf 86' lang='lat' dir='ltr'><strong>torma</strong></span> <span class='ocrx_word' id='word_1_121' title='bbox 623 1262 738 1310; x_wconf 88' lang='lat' dir='ltr'><strong>videatur</strong></span> <span class='ocrx_word' id='word_1_122' title='bbox 749 1259 827 1309; x_wconf 80' lang='lat' dir='ltr'><strong>llxod.</strong></span> <span class='ocrx_word' id='word_1_123' title='bbox 840 1272 900 1323; x_wconf 86' lang='lat' dir='ltr'><strong>cap:</strong></span> <span class='ocrx_word' id='word_1_124' title='bbox 908 1263 947 1308; x_wconf 77' lang='lat'><strong>26.</strong></span> 
     </span>
    </p>
   </div>
   <div class='ocr_carea' id='block_1_4' title="bbox 130 1341 1234 2440">
    <p class='ocr_par' dir='ltr' id='par_1_7' title="bbox 176 1341 1231 1547">
     <span class='ocr_line' id='line_1_14' title="bbox 205 1341 1230 1407; baseline -0.002 -13"><span class='ocrx_word' id='word_1_125' title='bbox 205 1347 241 1394; x_wconf 84' lang='lat' dir='ltr'><strong>Dc</strong></span> <span class='ocrx_word' id='word_1_126' title='bbox 256 1347 331 1395; x_wconf 80' lang='lat' dir='ltr'><strong>Areo.</strong></span> <span class='ocrx_word' id='word_1_127' title='bbox 345 1370 377 1380; x_wconf 98' lang='lat'><em>-</em></span> <span class='ocrx_word' id='word_1_128' title='bbox 396 1345 458 1394; x_wconf 88' lang='lat' dir='ltr'><strong>Nota</strong></span> <span class='ocrx_word' id='word_1_129' title='bbox 480 1343 589 1406; x_wconf 75' lang='lat' dir='ltr'><strong>quarto,</strong></span> <span class='ocrx_word' id='word_1_130' title='bbox 609 1343 677 1404; x_wconf 92' lang='lat' dir='ltr'><strong>quod</strong></span> <span class='ocrx_word' id='word_1_131' title='bbox 693 1343 757 1392; x_wconf 78' lang='lat' dir='ltr'><strong>brea</strong></span> <span class='ocrx_word' id='word_1_132' title='bbox 775 1341 852 1390; x_wconf 83' lang='lat' dir='ltr'><strong>luite</strong></span> <span class='ocrx_word' id='word_1_133' title='bbox 869 1342 1032 1393; x_wconf 84' lang='lat' dir='ltr'><strong>tabernaculo</strong></span> <span class='ocrx_word' id='word_1_134' title='bbox 1047 1347 1075 1393; x_wconf 91' lang='lat' dir='ltr'><strong>in</strong></span> <span class='ocrx_word' id='word_1_135' title='bbox 1093 1344 1230 1407; x_wconf 82' lang='lat' dir='ltr'><strong>templumi</strong></span> 
     </span>
     <span class='ocr_line' id='line_1_15' title="bbox 176 1413 1231 1477; baseline -0.003 -12"><span class='ocrx_word' id='word_1_136' title='bbox 176 1415 309 1466; x_wconf 92' lang='lat' dir='ltr'><strong>Salomone</strong></span> <span class='ocrx_word' id='word_1_137' title='bbox 326 1414 422 1476; x_wconf 88' lang='lat' dir='ltr'><strong>delata;</strong></span> <span class='ocrx_word' id='word_1_138' title='bbox 437 1415 521 1476; x_wconf 80' lang='lat' dir='ltr'><strong>ibique</strong></span> <span class='ocrx_word' id='word_1_139' title='bbox 534 1426 613 1475; x_wconf 81' lang='lat' dir='ltr'><strong>usque</strong></span> <span class='ocrx_word' id='word_1_140' title='bbox 631 1413 663 1463; x_wconf 88' lang='lat' dir='ltr'><strong>ad</strong></span> <span class='ocrx_word' id='word_1_141' title='bbox 679 1417 779 1475; x_wconf 90' lang='lat' dir='ltr'><strong>tempus</strong></span> <span class='ocrx_word' id='word_1_142' title='bbox 793 1414 945 1474; x_wconf 81' lang='lat' dir='ltr'><strong>captivitatis</strong></span> <span class='ocrx_word' id='word_1_143' title='bbox 960 1413 1116 1475; x_wconf 79' lang='lat' dir='ltr'><strong>babylonicae</strong></span> <span class='ocrx_word' id='word_1_144' title='bbox 1131 1427 1231 1477; x_wconf 79' lang='lat' dir='ltr'><strong>perseus·</strong></span> 
     </span>
     <span class='ocr_line' id='line_1_16' title="bbox 176 1481 874 1547; baseline -0.004 -13"><span class='ocrx_word' id='word_1_145' title='bbox 176 1488 260 1535; x_wconf 74' lang='lat' dir='ltr'><strong>ravitz</strong></span> <span class='ocrx_word' id='word_1_146' title='bbox 275 1487 405 1547; x_wconf 80' lang='lat' dir='ltr'><strong>ignoratur</strong></span> <span class='ocrx_word' id='word_1_147' title='bbox 419 1488 505 1533; x_wconf 90' lang='lat' dir='ltr'><strong>autem</strong></span> <span class='ocrx_word' id='word_1_148' title='bbox 520 1485 582 1545; x_wconf 93' lang='lat' dir='ltr'><strong>quid</strong></span> <span class='ocrx_word' id='word_1_149' title='bbox 595 1484 625 1532; x_wconf 91' lang='lat' dir='ltr'><strong>de</strong></span> <span class='ocrx_word' id='word_1_150' title='bbox 639 1495 668 1532; x_wconf 94' lang='lat' dir='ltr'><strong>ea</strong></span> <span class='ocrx_word' id='word_1_151' title='bbox 680 1483 774 1532; x_wconf 84' lang='lat' dir='ltr'><strong>iactum</strong></span> <span class='ocrx_word' id='word_1_152' title='bbox 791 1481 874 1531; x_wconf 88' lang='lat' dir='ltr'><strong>luerit.</strong></span> 
     </span>
    </p>

    <p class='ocr_par' dir='ltr' id='par_1_8' title="bbox 177 1548 1232 1685">
     <span class='ocr_line' id='line_1_17' title="bbox 207 1548 1232 1615; baseline 0 -13"><span class='ocrx_word' id='word_1_153' title='bbox 207 1552 256 1602; x_wconf 78' lang='lat' dir='ltr'><strong>Alii</strong></span> <span class='ocrx_word' id='word_1_154' title='bbox 274 1557 365 1615; x_wconf 90' lang='lat' dir='ltr'><strong>putant</strong></span> <span class='ocrx_word' id='word_1_155' title='bbox 376 1553 390 1602; x_wconf 85' lang='lat' dir='ltr'><strong>d</strong></span> <span class='ocrx_word' id='word_1_156' title='bbox 402 1548 525 1602; x_wconf 79' lang='lat' dir='ltr'><strong>Chaldaeis</strong></span> <span class='ocrx_word' id='word_1_157' title='bbox 544 1551 672 1611; x_wconf 83' lang='lat' dir='ltr'><strong>oblatam,</strong></span> <span class='ocrx_word' id='word_1_158' title='bbox 692 1550 735 1600; x_wconf 88' lang='lat' dir='ltr'><strong>alii</strong></span> <span class='ocrx_word' id='word_1_159' title='bbox 751 1551 766 1599; x_wconf 76' lang='lat' dir='ltr'><strong>a</strong></span> <span class='ocrx_word' id='word_1_160' title='bbox 782 1551 892 1600; x_wconf 86' lang='lat' dir='ltr'><strong>leremia</strong></span> <span class='ocrx_word' id='word_1_161' title='bbox 907 1554 935 1600; x_wconf 93' lang='lat' dir='ltr'><strong>in</strong></span> <span class='ocrx_word' id='word_1_162' title='bbox 952 1559 1039 1602; x_wconf 88' lang='lat' dir='ltr'><strong>monte</strong></span> <span class='ocrx_word' id='word_1_163' title='bbox 1054 1553 1123 1603; x_wconf 87' lang='lat' dir='ltr'><strong>Nebo</strong></span> <span class='ocrx_word' id='word_1_164' title='bbox 1136 1555 1232 1604; x_wconf 81' lang='lat' dir='ltr'><strong>abscon</strong></span> 
     </span>
     <span class='ocr_line' id='line_1_18' title="bbox 177 1619 1026 1685; baseline -0.004 -14"><span class='ocrx_word' id='word_1_165' title='bbox 177 1623 272 1680; x_wconf 61' lang='lat' dir='ltr'><strong>diem,</strong></span> <span class='ocrx_word' id='word_1_166' title='bbox 288 1622 331 1670; x_wconf 92' lang='lat' dir='ltr'><strong>ubi</strong></span> <span class='ocrx_word' id='word_1_167' title='bbox 343 1620 456 1685; x_wconf 87' lang='lat' dir='ltr'><strong>sepultus</strong></span> <span class='ocrx_word' id='word_1_168' title='bbox 468 1621 549 1670; x_wconf 86' lang='lat' dir='ltr'><strong>luerat</strong></span> <span class='ocrx_word' id='word_1_169' title='bbox 560 1620 665 1680; x_wconf 78' lang='lat' dir='ltr'><strong>Moyses.</strong></span> <span class='ocrx_word' id='word_1_170' title='bbox 682 1619 743 1669; x_wconf 79' lang='lat' dir='ltr'><strong>Vide</strong></span> <span class='ocrx_word' id='word_1_171' title='bbox 755 1622 778 1668; x_wconf 81' lang='lat'><strong>2.</strong></span> <span class='ocrx_word' id='word_1_172' title='bbox 790 1619 903 1668; x_wconf 87' lang='lat' dir='ltr'><strong>llaohab.</strong></span> <span class='ocrx_word' id='word_1_173' title='bbox 915 1624 948 1678; x_wconf 78' lang='lat'><strong>2,</strong></span> <span class='ocrx_word' id='word_1_174' title='bbox 961 1633 988 1669; x_wconf 92' lang='lat' dir='ltr'><strong>n.</strong></span> <span class='ocrx_word' id='word_1_175' title='bbox 1003 1623 1026 1668; x_wconf 78' lang='lat' dir='ltr'><strong>tr.</strong></span> 
     </span>
    </p>

    <p class='ocr_par' dir='ltr' id='par_1_9' title="bbox 177 1688 1232 1821">
     <span class='ocr_line' id='line_1_19' title="bbox 207 1688 1232 1753; baseline 0.001 -14"><span class='ocrx_word' id='word_1_176' title='bbox 207 1688 333 1751; x_wconf 80' lang='lat' dir='ltr'><strong>Quidquid</strong></span> <span class='ocrx_word' id='word_1_177' title='bbox 351 1692 385 1740; x_wconf 87' lang='lat' dir='ltr'><strong>sit</strong></span> <span class='ocrx_word' id='word_1_178' title='bbox 401 1690 432 1739; x_wconf 90' lang='lat' dir='ltr'><strong>de</strong></span> <span class='ocrx_word' id='word_1_179' title='bbox 451 1693 505 1750; x_wconf 84' lang='lat' dir='ltr'><strong>ejus</strong></span> <span class='ocrx_word' id='word_1_180' title='bbox 524 1692 670 1738; x_wconf 82' lang='lat' dir='ltr'><strong>inventione</strong></span> <span class='ocrx_word' id='word_1_181' title='bbox 686 1692 732 1738; x_wconf 87' lang='lat' dir='ltr'><strong>aut</strong></span> <span class='ocrx_word' id='word_1_182' title='bbox 749 1691 953 1750; x_wconf 81' lang='lat' dir='ltr'><strong>recuperatione,</strong></span> <span class='ocrx_word' id='word_1_183' title='bbox 968 1688 1033 1737; x_wconf 91' lang='lat' dir='ltr'><strong>nllril</strong></span> <span class='ocrx_word' id='word_1_184' title='bbox 1047 1691 1116 1753; x_wconf 87' lang='lat' dir='ltr'><strong>apud</strong></span> <span class='ocrx_word' id='word_1_185' title='bbox 1128 1696 1232 1740; x_wconf 82' lang='lat' dir='ltr'><strong>auctores</strong></span> 
     </span>
     <span class='ocr_line' id='line_1_20' title="bbox 177 1759 1013 1821; baseline 0.001 -16"><span class='ocrx_word' id='word_1_186' title='bbox 177 1760 306 1808; x_wconf 84' lang='lat' dir='ltr'><strong>invenitur</strong></span> <span class='ocrx_word' id='word_1_187' title='bbox 321 1759 353 1808; x_wconf 89' lang='lat' dir='ltr'><strong>ab</strong></span> <span class='ocrx_word' id='word_1_188' title='bbox 368 1770 397 1808; x_wconf 90' lang='lat' dir='ltr'><strong>eo</strong></span> <span class='ocrx_word' id='word_1_189' title='bbox 410 1764 537 1821; x_wconf 88' lang='lat' dir='ltr'><strong>tempore,</strong></span> <span class='ocrx_word' id='word_1_190' title='bbox 551 1761 587 1808; x_wconf 90' lang='lat' dir='ltr'><strong>ait</strong></span> <span class='ocrx_word' id='word_1_191' title='bbox 601 1759 695 1807; x_wconf 80' lang='lat' dir='ltr'><strong>listins.</strong></span> <span class='ocrx_word' id='word_1_192' title='bbox 1009 1775 1013 1782; x_wconf 89' lang='lat'><strong>·</strong></span> 
     </span>
    </p>

    <p class='ocr_par' dir='ltr' id='par_1_10' title="bbox 177 1825 1232 2028">
     <span class='ocr_line' id='line_1_21' title="bbox 207 1825 1230 1891; baseline -0.002 -13"><span class='ocrx_word' id='word_1_193' title='bbox 207 1826 329 1891; x_wconf 81' lang='lat' dir='ltr'><strong>Tempore</strong></span> <span class='ocrx_word' id='word_1_194' title='bbox 338 1827 430 1878; x_wconf 85' lang='lat' dir='ltr'><strong>Christi</strong></span> <span class='ocrx_word' id='word_1_195' title='bbox 444 1839 496 1877; x_wconf 89' lang='lat' dir='ltr'><strong>non</strong></span> <span class='ocrx_word' id='word_1_196' title='bbox 507 1831 561 1877; x_wconf 87' lang='lat' dir='ltr'><strong>erat</strong></span> <span class='ocrx_word' id='word_1_197' title='bbox 572 1829 599 1877; x_wconf 92' lang='lat' dir='ltr'><strong>in</strong></span> <span class='ocrx_word' id='word_1_198' title='bbox 611 1827 705 1890; x_wconf 86' lang='lat' dir='ltr'><strong>templo</strong></span> <span class='ocrx_word' id='word_1_199' title='bbox 716 1825 942 1889; x_wconf 76' lang='lat' dir='ltr'><strong>ierosolymitano,</strong></span> <span class='ocrx_word' id='word_1_200' title='bbox 953 1825 1076 1877; x_wconf 77' lang='lat' dir='ltr'><strong>aediflcato</strong></span> <span class='ocrx_word' id='word_1_201' title='bbox 1088 1829 1120 1879; x_wconf 88' lang='lat' dir='ltr'><strong>ab</strong></span> <span class='ocrx_word' id='word_1_202' title='bbox 1129 1829 1230 1878; x_wconf 81' lang='lat' dir='ltr'><strong>Herode:</strong></span> 
     </span>
     <span class='ocr_line' id='line_1_22' title="bbox 177 1895 1232 1961; baseline -0.001 -14"><span class='ocrx_word' id='word_1_203' title='bbox 177 1897 299 1960; x_wconf 84' lang='lat' dir='ltr'><strong>iosephus</strong></span> <span class='ocrx_word' id='word_1_204' title='bbox 321 1899 390 1947; x_wconf 88' lang='lat' dir='ltr'><strong>enirn</strong></span> <span class='ocrx_word' id='word_1_205' title='bbox 411 1901 518 1946; x_wconf 89' lang='lat' dir='ltr'><strong>testatur</strong></span> <span class='ocrx_word' id='word_1_206' title='bbox 543 1896 664 1946; x_wconf 66' lang='lat' dir='ltr'><strong>&amp;netum</strong></span> <span class='ocrx_word' id='word_1_207' title='bbox 685 1900 832 1946; x_wconf 88' lang='lat' dir='ltr'><strong>sanctorum</strong></span> <span class='ocrx_word' id='word_1_208' title='bbox 853 1895 941 1959; x_wconf 87' lang='lat' dir='ltr'><strong>templi</strong></span> <span class='ocrx_word' id='word_1_209' title='bbox 958 1908 1004 1946; x_wconf 89' lang='lat' dir='ltr'><strong>suo</strong></span> <span class='ocrx_word' id='word_1_210' title='bbox 1025 1901 1140 1961; x_wconf 86' lang='lat' dir='ltr'><strong>tempore</strong></span> <span class='ocrx_word' id='word_1_211' title='bbox 1165 1900 1232 1947; x_wconf 88' lang='lat' dir='ltr'><strong>inane</strong></span> 
     </span>
     <span class='ocr_line' id='line_1_23' title="bbox 178 1965 869 2028; baseline 0 -14"><span class='ocrx_word' id='word_1_212' title='bbox 178 1967 270 2027; x_wconf 83' lang='lat' dir='ltr'><strong>luisse,</strong></span> <span class='ocrx_word' id='word_1_213' title='bbox 283 1965 636 2026; x_wconf 88' lang='lat' dir='ltr'><strong>sinearca,sinechorubin1</strong></span> <span class='ocrx_word' id='word_1_214' title='bbox 649 1970 673 2014; x_wconf 88' lang='lat' dir='ltr'><strong>et</strong></span> <span class='ocrx_word' id='word_1_215' title='bbox 686 1967 869 2028; x_wconf 88' lang='lat' dir='ltr'><strong>propitiatorio.</strong></span> 
     </span>
    </p>

    <p class='ocr_par' dir='ltr' id='par_1_11' title="bbox 130 2033 1234 2165">
     <span class='ocr_line' id='line_1_24' title="bbox 130 2033 1234 2100; baseline 0.001 -15"><span class='ocrx_word' id='word_1_216' title='bbox 130 2088 132 2093; x_wconf 70' lang='grc'><em>,</em></span> <span class='ocrx_word' id='word_1_217' title='bbox 207 2036 246 2086; x_wconf 80' lang='lat' dir='ltr'><strong>An</strong></span> <span class='ocrx_word' id='word_1_218' title='bbox 257 2035 334 2086; x_wconf 84' lang='lat' dir='ltr'><strong>luerit</strong></span> <span class='ocrx_word' id='word_1_219' title='bbox 351 2038 379 2085; x_wconf 91' lang='lat' dir='ltr'><strong>ln</strong></span> <span class='ocrx_word' id='word_1_220' title='bbox 393 2035 487 2098; x_wconf 89' lang='lat' dir='ltr'><strong>templo</strong></span> <span class='ocrx_word' id='word_1_221' title='bbox 498 2048 514 2084; x_wconf 86' lang='lat' dir='ltr'><strong>a</strong></span> <span class='ocrx_word' id='word_1_222' title='bbox 525 2034 675 2086; x_wconf 83' lang='lat' dir='ltr'><strong>zorobabele</strong></span> <span class='ocrx_word' id='word_1_223' title='bbox 686 2040 742 2097; x_wconf 84' lang='lat' dir='ltr'><strong>post</strong></span> <span class='ocrx_word' id='word_1_224' title='bbox 756 2035 928 2096; x_wconf 86' lang='lat' dir='ltr'><strong>captivitatem</strong></span> <span class='ocrx_word' id='word_1_225' title='bbox 942 2033 1065 2085; x_wconf 76' lang='lat' dir='ltr'><strong>edltloato</strong></span> <span class='ocrx_word' id='word_1_226' title='bbox 1076 2073 1084 2098; x_wconf 91' lang='lat'><em>,</em></span> <span class='ocrx_word' id='word_1_227' title='bbox 1096 2039 1168 2100; x_wconf 71' lang='grc' dir='ltr'><strong>ιιιιιι</strong></span> <span class='ocrx_word' id='word_1_228' title='bbox 1182 2048 1234 2100; x_wconf 88' lang='lat' dir='ltr'><strong>pro-</strong></span> 
     </span>
     <span class='ocr_line' id='line_1_25' title="bbox 176 2101 1012 2165; baseline -0.002 -11"><span class='ocrx_word' id='word_1_229' title='bbox 176 2104 284 2155; x_wconf 80' lang='lat' dir='ltr'><strong>babilius</strong></span> <span class='ocrx_word' id='word_1_230' title='bbox 294 2105 392 2164; x_wconf 78' lang='lat' dir='ltr'><strong>itatius,</strong></span> <span class='ocrx_word' id='word_1_231' title='bbox 404 2103 560 2154; x_wconf 86' lang='lat' dir='ltr'><strong>Fromondus</strong></span> <span class='ocrx_word' id='word_1_232' title='bbox 571 2124 578 2163; x_wconf 88' lang='lat'><strong>;</strong></span> <span class='ocrx_word' id='word_1_233' title='bbox 590 2105 649 2165; x_wconf 91' lang='lat' dir='ltr'><strong>quia</strong></span> <span class='ocrx_word' id='word_1_234' title='bbox 661 2102 692 2152; x_wconf 90' lang='lat' dir='ltr'><strong>de</strong></span> <span class='ocrx_word' id='word_1_235' title='bbox 703 2103 751 2153; x_wconf 91' lang='lat' dir='ltr'><strong>hoe</strong></span> <span class='ocrx_word' id='word_1_236' title='bbox 768 2101 859 2152; x_wconf 86' lang='lat' dir='ltr'><strong>nullibi</strong></span> <span class='ocrx_word' id='word_1_237' title='bbox 869 2101 898 2152; x_wconf 84' lang='lat' dir='ltr'><strong>at</strong></span> <span class='ocrx_word' id='word_1_238' title='bbox 907 2105 1012 2152; x_wconf 89' lang='lat' dir='ltr'><strong>mentio.</strong></span> 
     </span>
    </p>

    <p class='ocr_par' dir='ltr' id='par_1_12' title="bbox 177 2172 1234 2440">
     <span class='ocr_line' id='line_1_26' title="bbox 206 2172 1233 2237; baseline 0 -13"><span class='ocrx_word' id='word_1_239' title='bbox 206 2175 295 2225; x_wconf 86' lang='lat' dir='ltr'><strong>Rtbera</strong></span> <span class='ocrx_word' id='word_1_240' title='bbox 316 2178 402 2224; x_wconf 86' lang='lat' dir='ltr'><strong>tamen</strong></span> <span class='ocrx_word' id='word_1_241' title='bbox 422 2176 495 2236; x_wconf 90' lang='lat' dir='ltr'><strong>putat</strong></span> <span class='ocrx_word' id='word_1_242' title='bbox 514 2173 643 2237; x_wconf 83' lang='lat' dir='ltr'><strong>probabile</strong></span> <span class='ocrx_word' id='word_1_243' title='bbox 661 2173 728 2233; x_wconf 85' lang='lat' dir='ltr'><strong>quod</strong></span> <span class='ocrx_word' id='word_1_244' title='bbox 745 2175 801 2234; x_wconf 91' lang='lat' dir='ltr'><strong>post</strong></span> <span class='ocrx_word' id='word_1_245' title='bbox 815 2173 987 2236; x_wconf 85' lang='lat' dir='ltr'><strong>captivitatem</strong></span> <span class='ocrx_word' id='word_1_246' title='bbox 998 2172 1181 2235; x_wconf 75' lang='lat' dir='ltr'><strong>Babylonicum</strong></span> <span class='ocrx_word' id='word_1_247' title='bbox 1197 2177 1233 2224; x_wconf 91' lang='lat' dir='ltr'><strong>in·</strong></span> 
     </span>
     <span class='ocr_line' id='line_1_27' title="bbox 177 2241 1233 2307; baseline 0.006 -19"><span class='ocrx_word' id='word_1_248' title='bbox 177 2247 252 2293; x_wconf 88' lang='lat' dir='ltr'><strong>venta</strong></span> <span class='ocrx_word' id='word_1_249' title='bbox 264 2242 355 2300; x_wconf 84' lang='lat' dir='ltr'><strong>tuerit,</strong></span> <span class='ocrx_word' id='word_1_250' title='bbox 375 2247 401 2292; x_wconf 90' lang='lat' dir='ltr'><strong>et</strong></span> <span class='ocrx_word' id='word_1_251' title='bbox 416 2245 442 2291; x_wconf 93' lang='lat' dir='ltr'><strong>in</strong></span> <span class='ocrx_word' id='word_1_252' title='bbox 463 2243 557 2305; x_wconf 88' lang='lat' dir='ltr'><strong>templo</strong></span> <span class='ocrx_word' id='word_1_253' title='bbox 576 2241 732 2292; x_wconf 82' lang='lat' dir='ltr'><strong>zorobabelis</strong></span> <span class='ocrx_word' id='word_1_254' title='bbox 747 2243 872 2303; x_wconf 87' lang='lat' dir='ltr'><strong>exposita,</strong></span> <span class='ocrx_word' id='word_1_255' title='bbox 886 2246 912 2291; x_wconf 90' lang='lat' dir='ltr'><strong>et</strong></span> <span class='ocrx_word' id='word_1_256' title='bbox 928 2243 960 2291; x_wconf 89' lang='lat' dir='ltr'><strong>ab</strong></span> <span class='ocrx_word' id='word_1_257' title='bbox 973 2241 1099 2293; x_wconf 76' lang='lat' dir='ltr'><strong>Antiocho</strong></span> <span class='ocrx_word' id='word_1_258' title='bbox 1111 2244 1233 2307; x_wconf 82' lang='lat' dir='ltr'><strong>Epiphaue</strong></span> 
     </span>
     <span class='ocr_line' id='line_1_28' title="bbox 177 2308 1234 2374; baseline 0.002 -14"><span class='ocrx_word' id='word_1_259' title='bbox 177 2315 250 2372; x_wconf 86' lang='lat' dir='ltr'><strong>capte</strong></span> <span class='ocrx_word' id='word_1_260' title='bbox 261 2323 322 2360; x_wconf 88' lang='lat' dir='ltr'><strong>cum</strong></span> <span class='ocrx_word' id='word_1_261' title='bbox 335 2309 529 2373; x_wconf 81' lang='lat' dir='ltr'><strong>caeteristeurpli</strong></span> <span class='ocrx_word' id='word_1_262' title='bbox 547 2313 622 2361; x_wconf 86' lang='lat' dir='ltr'><strong>vasis.</strong></span> <span class='ocrx_word' id='word_1_263' title='bbox 642 2309 690 2362; x_wconf 88' lang='lat' dir='ltr'><strong>Sed</strong></span> <span class='ocrx_word' id='word_1_264' title='bbox 710 2309 742 2360; x_wconf 88' lang='lat' dir='ltr'><strong>de</strong></span> <span class='ocrx_word' id='word_1_265' title='bbox 759 2308 808 2361; x_wconf 87' lang='lat' dir='ltr'><strong>hoc</strong></span> <span class='ocrx_word' id='word_1_266' title='bbox 826 2321 873 2360; x_wconf 84' lang='lat' dir='ltr'><strong>nee</strong></span> <span class='ocrx_word' id='word_1_267' title='bbox 888 2309 994 2360; x_wconf 85' lang='lat' dir='ltr'><strong>historia</strong></span> <span class='ocrx_word' id='word_1_268' title='bbox 1012 2323 1098 2374; x_wconf 87' lang='lat' dir='ltr'><strong>sacra,</strong></span> <span class='ocrx_word' id='word_1_269' title='bbox 1116 2326 1161 2364; x_wconf 88' lang='lat' dir='ltr'><strong>uec</strong></span> <span class='ocrx_word' id='word_1_270' title='bbox 1175 2313 1234 2363; x_wconf 83' lang='lat' dir='ltr'><strong>alius</strong></span> 
     </span>
     <span class='ocr_line' id='line_1_29' title="bbox 177 2378 397 2440; baseline 0 -12"><span class='ocrx_word' id='word_1_271' title='bbox 177 2384 266 2429; x_wconf 85' lang='lat' dir='ltr'><strong>auctor</strong></span> <span class='ocrx_word' id='word_1_272' title='bbox 277 2378 397 2440; x_wconf 90' lang='lat' dir='ltr'><strong>loquitur.</strong></span> 
     </span>
    </p>
   </div>
   <div class='ocr_carea' id='block_1_5' title="bbox 208 2472 1302 2544">
    <p class='ocr_par' dir='ltr' id='par_1_13' title="bbox 208 2472 1302 2544">
     <span class='ocr_line' id='line_1_30' title="bbox 208 2472 1302 2544; baseline 0.008 -23"><span class='ocrx_word' id='word_1_273' title='bbox 208 2477 246 2522; x_wconf 88' lang='grc' dir='ltr'><strong>ιι.</strong></span> <span class='ocrx_word' id='word_1_274' title='bbox 261 2472 375 2522; x_wconf 76' lang='lat' dir='ltr'><strong>certetur</strong></span> <span class='ocrx_word' id='word_1_275' title='bbox 390 2479 474 2524; x_wconf 83' lang='lat' dir='ltr'><strong>autem</strong></span> <span class='ocrx_word' id='word_1_276' title='bbox 484 2475 607 2525; x_wconf 75' lang='lat' dir='ltr'><strong>earisteus.</strong></span> <span class='ocrx_word' id='word_1_277' title='bbox 620 2475 662 2525; x_wconf 87' lang='lat' dir='ltr'><strong>Gr.</strong></span> <span class='ocrx_word' id='word_1_278' title='bbox 675 2475 858 2538; x_wconf 66' lang='grc' dir='ltr'><strong>παραγινόμενος</strong></span> <span class='ocrx_word' id='word_1_279' title='bbox 872 2476 1012 2537; x_wconf 80' lang='lat' dir='ltr'><strong>accedens,</strong></span> <span class='ocrx_word' id='word_1_280' title='bbox 1026 2477 1179 2542; x_wconf 80' lang='lat' dir='ltr'><strong>adveniens,</strong></span> <span class='ocrx_word' id='word_1_281' title='bbox 1195 2493 1235 2531; x_wconf 86' lang='lat' dir='ltr'><strong>seu</strong></span> <span class='ocrx_word' id='word_1_282' title='bbox 1296 2533 1302 2544; x_wconf 69' lang='grc'>,</span> 
     </span>
    </p>
   </div>
   <div class='ocr_carea' id='block_1_6' title="bbox 177 2541 1235 2610">
    <p class='ocr_par' dir='ltr' id='par_1_14' title="bbox 177 2541 1235 2610">
     <span class='ocr_line' id='line_1_31' title="bbox 177 2541 1235 2610; baseline 0.003 -16"><span class='ocrx_word' id='word_1_283' title='bbox 177 2543 237 2594; x_wconf 85' lang='lat' dir='ltr'><strong>crim</strong></span> <span class='ocrx_word' id='word_1_284' title='bbox 247 2541 406 2604; x_wconf 84' lang='lat' dir='ltr'><strong>advenisset;</strong></span> <span class='ocrx_word' id='word_1_285' title='bbox 418 2547 456 2592; x_wconf 88' lang='lat' dir='ltr'><strong>est</strong></span> <span class='ocrx_word' id='word_1_286' title='bbox 467 2547 536 2593; x_wconf 89' lang='lat' dir='ltr'><strong>enim</strong></span> <span class='ocrx_word' id='word_1_287' title='bbox 553 2545 661 2594; x_wconf 87' lang='lat' dir='ltr'><strong>aorlstus</strong></span> <span class='ocrx_word' id='word_1_288' title='bbox 678 2546 732 2593; x_wconf 87' lang='lat' dir='ltr'><strong>rim</strong></span> <span class='ocrx_word' id='word_1_289' title='bbox 744 2544 841 2594; x_wconf 86' lang='lat' dir='ltr'><strong>hahens</strong></span> <span class='ocrx_word' id='word_1_290' title='bbox 854 2547 973 2607; x_wconf 77' lang='lat' dir='ltr'><strong>preteriti</strong></span> <span class='ocrx_word' id='word_1_291' title='bbox 984 2564 990 2594; x_wconf 73' lang='grc' dir='ltr'><strong>ι</strong></span> <span class='ocrx_word' id='word_1_292' title='bbox 1001 2544 1063 2596; x_wconf 89' lang='lat' dir='ltr'><strong>hino</strong></span> <span class='ocrx_word' id='word_1_293' title='bbox 1082 2547 1138 2610; x_wconf 86' lang='lat' dir='ltr'><strong>Syr.</strong></span> <span class='ocrx_word' id='word_1_294' title='bbox 1154 2549 1235 2599; x_wconf 81' lang='lat' dir='ltr'><strong>Chiis-</strong></span> 
     </span>
    </p>
   </div>
   <div class='ocr_carea' id='block_1_7' title="bbox 176 2613 1236 2744">
    <p class='ocr_par' dir='ltr' id='par_1_15' title="bbox 176 2613 1236 2744">
     <span class='ocr_line' id='line_1_32' title="bbox 176 2613 1236 2676; baseline 0.005 -14"><span class='ocrx_word' id='word_1_295' title='bbox 176 2619 218 2663; x_wconf 87' lang='lat' dir='ltr'><strong>tus</strong></span> <span class='ocrx_word' id='word_1_296' title='bbox 233 2617 319 2662; x_wconf 88' lang='lat' dir='ltr'><strong>autem</strong></span> <span class='ocrx_word' id='word_1_297' title='bbox 336 2613 381 2673; x_wconf 88' lang='lat' dir='ltr'><strong>qui</strong></span> <span class='ocrx_word' id='word_1_298' title='bbox 394 2615 480 2672; x_wconf 87' lang='lat' dir='ltr'><strong>veuit,</strong></span> <span class='ocrx_word' id='word_1_299' title='bbox 499 2613 593 2662; x_wconf 84' lang='lat' dir='ltr'><strong>exstitit</strong></span> <span class='ocrx_word' id='word_1_300' title='bbox 609 2625 725 2663; x_wconf 84' lang='lat' dir='ltr'><strong>summus</strong></span> <span class='ocrx_word' id='word_1_301' title='bbox 744 2613 866 2676; x_wconf 80' lang='lat' dir='ltr'><strong>pontifex.</strong></span> <span class='ocrx_word' id='word_1_302' title='bbox 886 2614 961 2664; x_wconf 80' lang='lat' dir='ltr'><strong>Arai).</strong></span> <span class='ocrx_word' id='word_1_303' title='bbox 981 2615 1041 2664; x_wconf 87' lang='lat' dir='ltr'><strong>erim</strong></span> <span class='ocrx_word' id='word_1_304' title='bbox 1058 2624 1145 2666; x_wconf 87' lang='lat' dir='ltr'><strong>autem</strong></span> <span class='ocrx_word' id='word_1_305' title='bbox 1165 2619 1236 2667; x_wconf 87' lang='lat' dir='ltr'><strong>adre-</strong></span> 
     </span>
     <span class='ocr_line' id='line_1_33' title="bbox 177 2679 524 2744; baseline 0 -14"><span class='ocrx_word' id='word_1_306' title='bbox 177 2683 256 2731; x_wconf 89' lang='lat' dir='ltr'><strong>nisset</strong></span> <span class='ocrx_word' id='word_1_307' title='bbox 270 2679 385 2731; x_wconf 83' lang='lat' dir='ltr'><strong>Christus</strong></span> <span class='ocrx_word' id='word_1_308' title='bbox 404 2680 524 2744; x_wconf 84' lang='lat' dir='ltr'><strong>pontliex.</strong></span> 
     </span>
    </p>
   </div>
   <div class='ocr_carea' id='block_1_8' title="bbox 175 2749 1238 4005">
    <p class='ocr_par' dir='ltr' id='par_1_16' title="bbox 176 2749 1237 2882">
     <span class='ocr_line' id='line_1_34' title="bbox 206 2749 1237 2816; baseline 0.006 -18"><span class='ocrx_word' id='word_1_309' title='bbox 206 2749 253 2799; x_wconf 86' lang='lat' dir='ltr'><strong>iilo</strong></span> <span class='ocrx_word' id='word_1_310' title='bbox 266 2749 360 2798; x_wconf 81' lang='lat' dir='ltr'><strong>Christi</strong></span> <span class='ocrx_word' id='word_1_311' title='bbox 371 2749 533 2811; x_wconf 80' lang='lat' dir='ltr'><strong>pontificatis</strong></span> <span class='ocrx_word' id='word_1_312' title='bbox 545 2751 580 2798; x_wconf 86' lang='lat' dir='ltr'><strong>lta</strong></span> <span class='ocrx_word' id='word_1_313' title='bbox 592 2749 742 2799; x_wconf 83' lang='lat' dir='ltr'><strong>describitur</strong></span> <span class='ocrx_word' id='word_1_314' title='bbox 753 2749 902 2810; x_wconf 83' lang='lat' dir='ltr'><strong>efficacitas,</strong></span> <span class='ocrx_word' id='word_1_315' title='bbox 915 2754 944 2801; x_wconf 88' lang='lat' dir='ltr'><strong>ut</strong></span> <span class='ocrx_word' id='word_1_316' title='bbox 957 2750 1056 2814; x_wconf 80' lang='lat' dir='ltr'><strong>singula</strong></span> <span class='ocrx_word' id='word_1_317' title='bbox 1067 2752 1144 2803; x_wconf 82' lang='lat' dir='ltr'><strong>rerba</strong></span> <span class='ocrx_word' id='word_1_318' title='bbox 1154 2765 1237 2816; x_wconf 87' lang='lat' dir='ltr'><strong>quam·</strong></span> 
     </span>
     <span class='ocr_line' id='line_1_35' title="bbox 176 2817 962 2882; baseline 0.001 -15"><span class='ocrx_word' id='word_1_319' title='bbox 176 2819 235 2868; x_wconf 87' lang='lat' dir='ltr'><strong>dam</strong></span> <span class='ocrx_word' id='word_1_320' title='bbox 249 2817 317 2867; x_wconf 86' lang='lat' dir='ltr'><strong>illius</strong></span> <span class='ocrx_word' id='word_1_321' title='bbox 325 2817 439 2868; x_wconf 88' lang='lat' dir='ltr'><strong>indicent</strong></span> <span class='ocrx_word' id='word_1_322' title='bbox 448 2818 622 2868; x_wconf 83' lang='lat' dir='ltr'><strong>excellentiam</strong></span> <span class='ocrx_word' id='word_1_323' title='bbox 634 2831 710 2882; x_wconf 87' lang='lat' dir='ltr'><strong>supra</strong></span> <span class='ocrx_word' id='word_1_324' title='bbox 721 2817 811 2881; x_wconf 81' lang='lat' dir='ltr'><strong>legales</strong></span> <span class='ocrx_word' id='word_1_325' title='bbox 822 2819 962 2882; x_wconf 83' lang='lat' dir='ltr'><strong>pontifices.</strong></span> 
     </span>
    </p>

    <p class='ocr_par' dir='ltr' id='par_1_17' title="bbox 209 2892 1046 2956">
     <span class='ocr_line' id='line_1_36' title="bbox 209 2892 1046 2956; baseline 0.002 -14"><span class='ocrx_word' id='word_1_326' title='bbox 209 2892 321 2942; x_wconf 72' lang='lat' dir='ltr'><strong>ebrietes</strong></span> <span class='ocrx_word' id='word_1_327' title='bbox 332 2894 463 2951; x_wconf 75' lang='grc' dir='ltr'><strong>ιιιιιιιιιι,</strong></span> <span class='ocrx_word' id='word_1_328' title='bbox 477 2892 629 2953; x_wconf 83' lang='lat' dir='ltr'><strong>adveniens,</strong></span> <span class='ocrx_word' id='word_1_329' title='bbox 645 2905 689 2942; x_wconf 87' lang='lat' dir='ltr'><strong>seu</strong></span> <span class='ocrx_word' id='word_1_330' title='bbox 702 2893 762 2942; x_wconf 85' lang='lat' dir='ltr'><strong>edm</strong></span> <span class='ocrx_word' id='word_1_331' title='bbox 773 2893 914 2943; x_wconf 89' lang='lat' dir='ltr'><strong>advenisset</strong></span> <span class='ocrx_word' id='word_1_332' title='bbox 925 2895 1046 2956; x_wconf 79' lang='lat' dir='ltr'><strong>pontifex.</strong></span> 
     </span>
    </p>

    <p class='ocr_par' dir='ltr' id='par_1_18' title="bbox 177 2959 1236 3080">
     <span class='ocr_line' id='line_1_37' title="bbox 206 2959 1236 3030; baseline 0.008 -22"><span class='ocrx_word' id='word_1_333' title='bbox 206 2959 255 3009; x_wconf 77' lang='lat' dir='ltr'><strong>Alii</strong></span> <span class='ocrx_word' id='word_1_334' title='bbox 267 2972 355 3009; x_wconf 90' lang='lat' dir='ltr'><strong>omnes</strong></span> <span class='ocrx_word' id='word_1_335' title='bbox 367 2962 450 3022; x_wconf 87' lang='lat' dir='ltr'><strong>primo</strong></span> <span class='ocrx_word' id='word_1_336' title='bbox 459 2965 601 3011; x_wconf 88' lang='lat' dir='ltr'><strong>nascuntur</strong></span> <span class='ocrx_word' id='word_1_337' title='bbox 614 2997 621 3021; x_wconf 87' lang='lat'><strong><em>‚</em></strong></span> <span class='ocrx_word' id='word_1_338' title='bbox 634 2961 795 3022; x_wconf 87' lang='lat' dir='ltr'><strong>adolescunt,</strong></span> <span class='ocrx_word' id='word_1_339' title='bbox 805 2963 983 3023; x_wconf 87' lang='lat' dir='ltr'><strong>instruuntur,</strong></span> <span class='ocrx_word' id='word_1_340' title='bbox 994 2964 1099 3015; x_wconf 88' lang='lat' dir='ltr'><strong>tandem</strong></span> <span class='ocrx_word' id='word_1_341' title='bbox 1110 2968 1236 3030; x_wconf 86' lang='lat' dir='ltr'><strong>poutltlees</strong></span> 
     </span>
     <span class='ocr_line' id='line_1_38' title="bbox 177 3030 578 3080; baseline 0.005 -2"><span class='ocrx_word' id='word_1_342' title='bbox 177 3030 376 3078; x_wconf 88' lang='lat' dir='ltr'><strong>constituuntur.</strong></span> <span class='ocrx_word' id='word_1_343' title='bbox 573 3070 578 3080; x_wconf 92' lang='lat'><em>.</em></span> 
     </span>
    </p>

    <p class='ocr_par' dir='ltr' id='par_1_19' title="bbox 176 3095 1237 3230">
     <span class='ocr_line' id='line_1_39' title="bbox 206 3095 1237 3163; baseline 0.008 -17"><span class='ocrx_word' id='word_1_344' title='bbox 206 3095 320 3146; x_wconf 79' lang='lat' dir='ltr'><strong>Christus</strong></span> <span class='ocrx_word' id='word_1_345' title='bbox 331 3095 391 3146; x_wconf 84' lang='lat' dir='ltr'><strong>varo</strong></span> <span class='ocrx_word' id='word_1_346' title='bbox 401 3095 521 3160; x_wconf 86' lang='lat' dir='ltr'><strong>advenit,</strong></span> <span class='ocrx_word' id='word_1_347' title='bbox 533 3101 646 3150; x_wconf 88' lang='lat' dir='ltr'><strong>nascitur</strong></span> <span class='ocrx_word' id='word_1_348' title='bbox 657 3098 769 3163; x_wconf 76' lang='lat' dir='ltr'><strong>pontifex</strong></span> <span class='ocrx_word' id='word_1_349' title='bbox 782 3119 789 3148; x_wconf 75' lang='grc' dir='ltr'><strong>ι</strong></span> <span class='ocrx_word' id='word_1_350' title='bbox 802 3100 914 3150; x_wconf 82' lang='lat' dir='ltr'><strong>adventu</strong></span> <span class='ocrx_word' id='word_1_351' title='bbox 927 3111 990 3160; x_wconf 82' lang='lat' dir='ltr'><strong>suo,</strong></span> <span class='ocrx_word' id='word_1_352' title='bbox 1007 3103 1185 3156; x_wconf 87' lang='lat' dir='ltr'><strong>incarnatione</strong></span> <span class='ocrx_word' id='word_1_353' title='bbox 1195 3106 1237 3156; x_wconf 80' lang='lat' dir='ltr'><strong>aul</strong></span> 
     </span>
     <span class='ocr_line' id='line_1_40' title="bbox 176 3163 899 3230; baseline 0.006 -15"><span class='ocrx_word' id='word_1_354' title='bbox 176 3167 205 3215; x_wconf 91' lang='lat' dir='ltr'><strong>llt</strong></span> <span class='ocrx_word' id='word_1_355' title='bbox 222 3163 350 3228; x_wconf 83' lang='lat' dir='ltr'><strong>pontliex,</strong></span> <span class='ocrx_word' id='word_1_356' title='bbox 363 3165 416 3226; x_wconf 77' lang='lat' dir='ltr'><strong>ipsa</strong></span> <span class='ocrx_word' id='word_1_357' title='bbox 435 3165 575 3218; x_wconf 88' lang='lat' dir='ltr'><strong>divinitatis</strong></span> <span class='ocrx_word' id='word_1_358' title='bbox 587 3171 707 3219; x_wconf 89' lang='lat' dir='ltr'><strong>unctione</strong></span> <span class='ocrx_word' id='word_1_359' title='bbox 724 3170 899 3230; x_wconf 84' lang='lat' dir='ltr'><strong>inauguratus.</strong></span> 
     </span>
    </p>

    <p class='ocr_par' dir='ltr' id='par_1_20' title="bbox 176 3235 1237 3370">
     <span class='ocr_line' id='line_1_41' title="bbox 209 3235 1237 3308; baseline 0.013 -25"><span class='ocrx_word' id='word_1_360' title='bbox 209 3235 273 3284; x_wconf 87' lang='lat' dir='ltr'><strong>illue</strong></span> <span class='ocrx_word' id='word_1_361' title='bbox 285 3236 424 3297; x_wconf 81' lang='lat' dir='ltr'><strong>tnqredteoe</strong></span> <span class='ocrx_word' id='word_1_362' title='bbox 441 3238 564 3287; x_wconf 80' lang='lat' dir='ltr'><strong>mundum</strong></span> <span class='ocrx_word' id='word_1_363' title='bbox 576 3240 660 3288; x_wconf 82' lang='lat' dir='ltr'><strong>dicit.-</strong></span> <span class='ocrx_word' id='word_1_364' title='bbox 673 3239 788 3288; x_wconf 79' lang='lat' dir='ltr'><strong>Hostiam</strong></span> <span class='ocrx_word' id='word_1_365' title='bbox 801 3245 824 3286; x_wconf 89' lang='lat' dir='ltr'><strong>et</strong></span> <span class='ocrx_word' id='word_1_366' title='bbox 839 3239 991 3288; x_wconf 78' lang='lat' dir='ltr'><strong>oblationem</strong></span> <span class='ocrx_word' id='word_1_367' title='bbox 1009 3241 1133 3302; x_wconf 64' lang='lat' dir='ltr'><strong>notabit,</strong></span> <span class='ocrx_word' id='word_1_368' title='bbox 1151 3260 1237 3308; x_wconf 81' lang='lat' dir='ltr'><strong>corpus</strong></span> 
     </span>
     <span class='ocr_line' id='line_1_42' title="bbox 176 3305 746 3370; baseline 0 -14"><span class='ocrx_word' id='word_1_369' title='bbox 176 3313 259 3356; x_wconf 76' lang='lat' dir='ltr'><strong>autem</strong></span> <span class='ocrx_word' id='word_1_370' title='bbox 273 3305 366 3368; x_wconf 82' lang='lat' dir='ltr'><strong>optdsti</strong></span> <span class='ocrx_word' id='word_1_371' title='bbox 377 3305 471 3355; x_wconf 81' lang='lat' dir='ltr'><strong>mibi...</strong></span> <span class='ocrx_word' id='word_1_372' title='bbox 487 3309 650 3370; x_wconf 88' lang='lat' dir='ltr'><strong>semetipsum</strong></span> <span class='ocrx_word' id='word_1_373' title='bbox 664 3309 746 3358; x_wconf 84' lang='lat' dir='ltr'><strong>otiari.</strong></span> 
     </span>
    </p>

    <p class='ocr_par' dir='ltr' id='par_1_21' title="bbox 175 3380 1237 3516">
     <span class='ocr_line' id='line_1_43' title="bbox 206 3380 1237 3448; baseline 0.008 -19"><span class='ocrx_word' id='word_1_374' title='bbox 206 3381 362 3430; x_wconf 65' lang='lat' dir='ltr'><strong>futurorum</strong></span> <span class='ocrx_word' id='word_1_375' title='bbox 384 3380 522 3440; x_wconf 77' lang='lat' dir='ltr'><strong>bonorum,</strong></span> <span class='ocrx_word' id='word_1_376' title='bbox 541 3381 567 3430; x_wconf 93' lang='lat' dir='ltr'><strong>id</strong></span> <span class='ocrx_word' id='word_1_377' title='bbox 586 3385 640 3442; x_wconf 86' lang='lat' dir='ltr'><strong>est,</strong></span> <span class='ocrx_word' id='word_1_378' title='bbox 664 3381 955 3432; x_wconf 85' lang='lat' dir='ltr'><strong>aeternorumbouorum</strong></span> <span class='ocrx_word' id='word_1_379' title='bbox 972 3391 1195 3448; x_wconf 61' lang='lat' dir='ltr'><strong>quoperantur,</strong></span> <span class='ocrx_word' id='word_1_380' title='bbox 1212 3393 1237 3436; x_wconf 89' lang='lat' dir='ltr'><strong>ut</strong></span> 
     </span>
     <span class='ocr_line' id='line_1_44' title="bbox 175 3449 973 3516; baseline 0.004 -18"><span class='ocrx_word' id='word_1_381' title='bbox 175 3450 251 3499; x_wconf 86' lang='lat' dir='ltr'><strong>habet</strong></span> <span class='ocrx_word' id='word_1_382' title='bbox 261 3449 360 3500; x_wconf 84' lang='lat' dir='ltr'><strong>arabica</strong></span> <span class='ocrx_word' id='word_1_383' title='bbox 375 3451 475 3511; x_wconf 83' lang='lat' dir='ltr'><strong>versio,</strong></span> <span class='ocrx_word' id='word_1_384' title='bbox 490 3450 516 3499; x_wconf 88' lang='lat' dir='ltr'><strong>id</strong></span> <span class='ocrx_word' id='word_1_385' title='bbox 527 3453 579 3510; x_wconf 89' lang='lat' dir='ltr'><strong>est,</strong></span> <span class='ocrx_word' id='word_1_386' title='bbox 590 3450 716 3500; x_wconf 88' lang='lat' dir='ltr'><strong>honorum</strong></span> <span class='ocrx_word' id='word_1_387' title='bbox 737 3453 823 3512; x_wconf 77' lang='lat' dir='ltr'><strong>gratia</strong></span> <span class='ocrx_word' id='word_1_388' title='bbox 839 3456 863 3500; x_wconf 91' lang='lat' dir='ltr'><strong>et</strong></span> <span class='ocrx_word' id='word_1_389' title='bbox 880 3451 973 3516; x_wconf 71' lang='lat' dir='ltr'><strong>glorie.</strong></span> 
     </span>
    </p>

    <p class='ocr_par' dir='ltr' id='par_1_22' title="bbox 176 3517 1235 3648">
     <span class='ocr_line' id='line_1_45' title="bbox 206 3517 1235 3586; baseline 0.008 -20"><span class='ocrx_word' id='word_1_390' title='bbox 206 3517 300 3579; x_wconf 73' lang='lat' dir='ltr'><strong>legalis</strong></span> <span class='ocrx_word' id='word_1_391' title='bbox 316 3517 427 3580; x_wconf 80' lang='lat' dir='ltr'><strong>pontifex</strong></span> <span class='ocrx_word' id='word_1_392' title='bbox 443 3521 621 3580; x_wconf 79' lang='lat' dir='ltr'><strong>praesentium.</strong></span> <span class='ocrx_word' id='word_1_393' title='bbox 637 3530 681 3567; x_wconf 90' lang='lat' dir='ltr'><strong>seu</strong></span> <span class='ocrx_word' id='word_1_394' title='bbox 697 3523 856 3568; x_wconf 88' lang='lat' dir='ltr'><strong>terrenorum</strong></span> <span class='ocrx_word' id='word_1_395' title='bbox 874 3519 1018 3580; x_wconf 86' lang='lat' dir='ltr'><strong>bonorum,</strong></span> <span class='ocrx_word' id='word_1_396' title='bbox 1033 3527 1089 3572; x_wconf 88' lang='lat' dir='ltr'><strong>erat</strong></span> <span class='ocrx_word' id='word_1_397' title='bbox 1106 3527 1235 3586; x_wconf 78' lang='lat' dir='ltr'><strong>pontifex:</strong></span> 
     </span>
     <span class='ocr_line' id='line_1_46' title="bbox 176 3586 1163 3648; baseline 0.003 -14"><span class='ocrx_word' id='word_1_398' title='bbox 176 3586 207 3634; x_wconf 88' lang='lat' dir='ltr'><strong>ad</strong></span> <span class='ocrx_word' id='word_1_399' title='bbox 220 3590 319 3635; x_wconf 88' lang='lat' dir='ltr'><strong>terrena</strong></span> <span class='ocrx_word' id='word_1_400' title='bbox 333 3586 400 3635; x_wconf 88' lang='lat' dir='ltr'><strong>bona</strong></span> <span class='ocrx_word' id='word_1_401' title='bbox 412 3586 570 3648; x_wconf 89' lang='lat' dir='ltr'><strong>procuranda</strong></span> <span class='ocrx_word' id='word_1_402' title='bbox 582 3589 743 3636; x_wconf 88' lang='lat' dir='ltr'><strong>constitutus.</strong></span> <span class='ocrx_word' id='word_1_403' title='bbox 1158 3639 1163 3648; x_wconf 71' lang='grc'>,</span> 
     </span>
    </p>

    <p class='ocr_par' dir='ltr' id='par_1_23' title="bbox 178 3657 1238 3857">
     <span class='ocr_line' id='line_1_47' title="bbox 209 3657 1238 3729; baseline 0.01 -21"><span class='ocrx_word' id='word_1_404' title='bbox 209 3659 320 3708; x_wconf 73' lang='lat' dir='ltr'><strong>cbristus</strong></span> <span class='ocrx_word' id='word_1_405' title='bbox 337 3665 421 3708; x_wconf 86' lang='lat' dir='ltr'><strong>cutem</strong></span> <span class='ocrx_word' id='word_1_406' title='bbox 438 3657 550 3720; x_wconf 72' lang='lat' dir='ltr'><strong>pontisare</strong></span> <span class='ocrx_word' id='word_1_407' title='bbox 570 3657 728 3722; x_wconf 74' lang='lat' dir='ltr'><strong>(uterorum,</strong></span> <span class='ocrx_word' id='word_1_408' title='bbox 743 3673 788 3710; x_wconf 89' lang='lat' dir='ltr'><strong>seu</strong></span> <span class='ocrx_word' id='word_1_409' title='bbox 802 3663 967 3722; x_wconf 72' lang='grc' dir='ltr'><strong>ιιιιιιοιιιιιις</strong></span> <span class='ocrx_word' id='word_1_410' title='bbox 983 3664 1044 3724; x_wconf 87' lang='lat' dir='ltr'><strong>qula</strong></span> <span class='ocrx_word' id='word_1_411' title='bbox 1059 3665 1118 3716; x_wconf 89' lang='lat' dir='ltr'><strong>ideo</strong></span> <span class='ocrx_word' id='word_1_412' title='bbox 1131 3669 1238 3729; x_wconf 86' lang='lat' dir='ltr'><strong>pontilex</strong></span> 
     </span>
     <span class='ocr_line' id='line_1_48' title="bbox 178 3725 1238 3791; baseline 0.014 -17"><span class='ocrx_word' id='word_1_413' title='bbox 178 3731 206 3775; x_wconf 89' lang='lat' dir='ltr'><strong>ut</strong></span> <span class='ocrx_word' id='word_1_414' title='bbox 226 3725 374 3788; x_wconf 91' lang='lat' dir='ltr'><strong>pontillcatu</strong></span> <span class='ocrx_word' id='word_1_415' title='bbox 391 3739 437 3776; x_wconf 89' lang='lat' dir='ltr'><strong>suo</strong></span> <span class='ocrx_word' id='word_1_416' title='bbox 459 3727 525 3776; x_wconf 87' lang='lat' dir='ltr'><strong>bona</strong></span> <span class='ocrx_word' id='word_1_417' title='bbox 541 3731 635 3776; x_wconf 78' lang='grc' dir='ltr'><strong>ιιιιιιι</strong></span> <span class='ocrx_word' id='word_1_418' title='bbox 651 3727 722 3778; x_wconf 90' lang='lat' dir='ltr'><strong>nobis</strong></span> <span class='ocrx_word' id='word_1_419' title='bbox 738 3735 879 3791; x_wconf 85' lang='lat' dir='ltr'><strong>mereatur,</strong></span> <span class='ocrx_word' id='word_1_420' title='bbox 900 3733 979 3781; x_wconf 88' lang='lat' dir='ltr'><strong>vitam</strong></span> <span class='ocrx_word' id='word_1_421' title='bbox 1002 3736 1127 3786; x_wconf 73' lang='lat' dir='ltr'><strong>eternam</strong></span> <span class='ocrx_word' id='word_1_422' title='bbox 1146 3755 1153 3785; x_wconf 76' lang='lat' dir='ltr'><em>z</em></span> <span class='ocrx_word' id='word_1_423' title='bbox 1182 3737 1238 3788; x_wconf 84' lang='lat' dir='ltr'><strong>lituo</strong></span> 
     </span>
     <span class='ocr_line' id='line_1_49' title="bbox 178 3794 440 3857; baseline 0.008 -15"><span class='ocrx_word' id='word_1_424' title='bbox 178 3802 249 3852; x_wconf 82' lang='lat' dir='ltr'><strong>poter</strong></span> <span class='ocrx_word' id='word_1_425' title='bbox 262 3794 343 3857; x_wconf 72' lang='lat' dir='ltr'><strong>[uteri</strong></span> <span class='ocrx_word' id='word_1_426' title='bbox 354 3796 440 3845; x_wconf 81' lang='lat' dir='ltr'><strong>secoli.</strong></span> 
     </span>
    </p>

    <p class='ocr_par' dir='ltr' id='par_1_24' title="bbox 208 3867 1014 3936">
     <span class='ocr_line' id='line_1_50' title="bbox 208 3867 1014 3936; baseline 0.02 -24"><span class='ocrx_word' id='word_1_427' title='bbox 208 3867 258 3914; x_wconf 83' lang='lat' dir='ltr'><strong>Per</strong></span> <span class='ocrx_word' id='word_1_428' title='bbox 272 3867 392 3928; x_wconf 80' lang='lat' dir='ltr'><strong>amplior.</strong></span> <span class='ocrx_word' id='word_1_429' title='bbox 405 3867 448 3918; x_wconf 84' lang='lat' dir='ltr'><strong>Gr.</strong></span> <span class='ocrx_word' id='word_1_430' title='bbox 462 3872 562 3931; x_wconf 78' lang='lat' dir='ltr'><strong>majus,</strong></span> <span class='ocrx_word' id='word_1_431' title='bbox 575 3871 695 3931; x_wconf 80' lang='lat' dir='ltr'><strong>dignitate</strong></span> <span class='ocrx_word' id='word_1_432' title='bbox 709 3872 804 3924; x_wconf 88' lang='lat' dir='ltr'><strong>scillcet</strong></span> <span class='ocrx_word' id='word_1_433' title='bbox 820 3873 929 3936; x_wconf 78' lang='lat' dir='ltr'><strong>dignius.</strong></span> <span class='ocrx_word' id='word_1_434' title='bbox 1010 3923 1014 3928; x_wconf 94' lang='lat'>.</span> 
     </span>
    </p>

    <p class='ocr_par' dir='ltr' id='par_1_25' title="bbox 211 3938 699 4005">
     <span class='ocr_line' id='line_1_51' title="bbox 211 3938 699 4005; baseline 0.018 -18"><span class='ocrx_word' id='word_1_435' title='bbox 211 3939 243 3987; x_wconf 81' lang='lat' dir='ltr'><strong>lit</strong></span> <span class='ocrx_word' id='word_1_436' title='bbox 253 3938 404 4000; x_wconf 73' lang='lat' dir='ltr'><strong>perfectius,</strong></span> <span class='ocrx_word' id='word_1_437' title='bbox 423 3941 448 3991; x_wconf 92' lang='lat' dir='ltr'><strong>id</strong></span> <span class='ocrx_word' id='word_1_438' title='bbox 462 3947 515 4005; x_wconf 85' lang='lat' dir='ltr'><strong>est,</strong></span> <span class='ocrx_word' id='word_1_439' title='bbox 528 3943 699 3996; x_wconf 85' lang='lat' dir='ltr'><strong>excellentius.</strong></span> 
     </span>
    </p>
   </div>
   <div class='ocr_carea' id='block_1_9' title="bbox 0 0 1321 4552">
    <p class='ocr_par' dir='ltr' id='par_1_26' title="bbox 0 0 1321 4552">
     <span class='ocr_line' id='line_1_52' title="bbox 0 0 1321 4552; baseline 0 0"><span class='ocrx_word' id='word_1_440' title='bbox 0 0 1321 4552; x_wconf 95' lang='lat' dir='ltr'><strong> </strong></span> 
     </span>
    </p>
   </div>
  </div>
 </body>
</html>
