2670 4542
186 279 222 329 tt
331 274 490 330 sbcbttbdt
508 273 682 328 eristum
701 272 746 326 Ab
764 270 1098 326 abbssnwbtcnusbs

194 477 1252 538 &annnammmm-omnmonmossmnummmmm·

328 655 586 811 nunnusts
615 703 824 788 cnutus
853 701 1099 789 saeuum.

188 1051 248 1150 Ur
258 1095 402 1151 medeatur
414 1095 700 1150 thessalonicensium
717 1095 834 1161 terrori,
853 1094 925 1149 male
937 1100 1072 1162 concepto
1088 1069 1124 1148 de
1137 1064 1183 1150 'die
1198 1093 1252 1161 jn·

189 1181 255 1235 dieii
265 1180 396 1246 extremi,
411 1177 489 1247 quasi
497 1177 613 1246 jamjam
622 1179 757 1244 instante,

663 1315 756 1358 attilio·

115 1385 118 1392 ¹
223 1411 312 1479 Rogat
322 1423 373 1465 eos
383 1421 434 1477 per
444 1407 520 1464 bunc
539 1407 631 1474 ipsum
644 1407 755 1460 Domini
770 1407 859 1460 nostri
876 1409 942 1470 teau
960 1403 1076 1468 Christi,
1090 1417 1140 1457 seu
1155 1403 1252 1456 Salva-

189 1494 271 1558 toris,
289 1499 317 1546 et
332 1493 397 1562 ideo
412 1491 624 1544 desiderabilem
640 1490 806 1556 aduentum,
819 1501 856 1543 ne
874 1489 912 1542 ob
923 1502 988 1543 eum
1003 1493 1181 1552 moveantur,
1195 1492 1252 1540 ne'c

189 1575 304 1630 credant
318 1573 396 1642 qudd
407 1574 505 1638 instet,
515 1573 544 1641 i.
554 1575 582 1638 t,
594 1575 623 1628 2.

658 1695 784 1735 sncbubo·

223 1779 338 1846 batillis
350 1790 406 1845 duo
421 1791 500 1857 signa
509 1802 572 1857 quae
585 1790 660 1842 bunc
671 1787 781 1841 bomini
793 1788 942 1841 adventum
953 1785 1112 1854 precedere
1123 1787 1248 1856 debem,

190 1875 291 1942 quibus
307 1879 511 1942 consequenter
527 1872 601 1926 iltius
615 1871 849 1939 propinquitatem
865 1874 1026 1937 agnoscant.

220 1959 342 2012 Primum
351 1963 393 2012 est
404 1956 542 2024 apostasia
552 1955 697 2023 generatis.

224 2041 382 2122 Secundum
398 2037 598 2104 Antichristus,
612 2037 640 2106 i.
653 2042 679 2092 5.

669 2161 774 2202 nautio.

225 2257 384 2311 Antichristi
401 2258 532 2312 describit
542 2255 725 2323 impietatem,
735 2254 836 2309 fastum
848 2259 877 2308 et
888 2254 917 2306 in
926 2255 1013 2308 Deum
1026 2253 1117 2321 ipsum
1132 2256 1251 2312 sacrile-

190 2354 253 2408 gam
264 2341 425 2404 elationem,
436 2341 464 2409 i.
475 2344 502 2394 1.

223 2423 284 2477 Dixi
303 2422 384 2477 vobis
408 2421 476 2491 quid
495 2422 568 2476 illius
591 2421 747 2489 impiissimi
773 2421 914 2488 pubiicum
938 2420 1059 2476 retardet
1079 2422 1248 2492 adventum,
1289 2489 1296 2496 .

191 2505 303 2643 *5:130
312 2573 389 2656 quod
398 2589 498 2642 arcane
505 2586 564 2655 jam
572 2588 601 2641 in
614 2587 673 2642 suis
681 2587 775 2654 figuris
785 2587 856 2654 agit,
866 2588 957 2644 donec
971 2589 1118 2643 cessaverit
1129 2590 1157 2641 in
1169 2591 1250 2657 quod

190 2671 262 2725 iltius
278 2672 400 2726 retardat
415 2671 579 2736 adtentum,
589 2671 617 2739 i.
628 2673 655 2723 i.
665 2675 768 2723 ettuno
780 2671 871 2737 pata'm
887 2671 1030 2739 apparebit
1038 2671 1083 2725 itte
1092 2673 1250 2726 sceleratis-

189 2754 485 2904 8¹{lulujsusypoatentiam,
498 2837 651 2905 praestigias
664 2842 692 2890 et
702 2837 861 2902 mendacia,
878 2837 1005 2905 prodigia
1017 2837 1161 2903 describit,
1175 2839 1203 2907 i.
1217 2841 1248 2906 9,

190 2920 293 2988 quibua
305 2920 420 2974 credent
437 2920 487 2987 qui
502 2920 622 2992 cbristo,
639 2920 760 2985 veritati,
780 2920 894 2974 credere
908 2921 1073 2985 noluerunt,
1092 2921 1119 2989 i.
1132 2925 1183 2987 1ο,
1198 2925 1248 2978 11.

659 3047 771 3094 obtuto.

223 3141 433 3208 congratulatur
453 3139 758 3205 Thessalonicensibus,
773 3144 801 3194 et
818 3153 869 3207 pro
889 3139 958 3207 ipsis
977 3143 1034 3194 lieo
1050 3141 1152 3208 gratias
1174 3142 1247 3210 agit,

189 3223 266 3291 qudd
280 3236 338 3276 non
357 3222 412 3275 sint
424 3237 457 3276 ex
471 3222 526 3277 boc
544 3237 676 3288 numer03
695 3221 820 3290 quinimo
841 3222 970 3289 primitiae
988 3228 1053 3275 sunt
1068 3223 1205 3290 fidetium,
1219 3232 1250 3278 et

190 3307 253 3361 ideo
265 3301 476 3371 salvandorum,
494 3306 522 3374 i.
535 3307 580 3370 12,
593 3309 638 3358 tit.

662 3429 768 3475 quinio.

222 3527 353 3580 Hortatur
369 3539 419 3580 cos
437 3531 468 3580 ut
484 3525 513 3578 in
528 3523 583 3578 tide
597 3527 756 3577 constanter
770 3526 961 3587 perseverent,
977 3527 1005 3575 et
1017 3525 1179 3579 traditiones
1196 3527 1251 3581 dr·
1296 3563 1303 3572 -

189 3606 271 3659 miter
285 3612 413 3673 teneant,
432 3607 460 3676 i.
472 3610 518 3660 11.

224 3688 348 3742 Tandem
361 3689 474 3756 gratiam
493 3689 533 3741 eis
545 3691 724 3753 apprecatur,
742 3684 798 3752 qud
812 3684 843 3737 in
856 3683 982 3742 doctrina
992 3687 1034 3741 eis
1045 3689 1145 3745 tradita
1161 3693 1251 3747 stabi-

189 3769 306 3836 liantur,
324 3776 351 3824 et
364 3771 391 3824 in
405 3770 488 3826 bonis
501 3769 646 3838 operibus,
659 3766 687 3835 i.
700 3770 744 3836 15,
755 3769 800 3820 tu.
