2670 4542
206 271 241 324 ca
403 267 534 322 aarum
553 265 756 324 norsoora
773 269 822 321 oo
840 225 1070 321 ornornaou

204 364 241 412 sia
253 362 325 413 orent
335 359 400 424 viri,
411 362 523 414 levantes
535 363 567 413 ad
577 363 668 414 colum
680 375 772 413 manos
787 362 801 412 i
825 364 901 416 omni
932 363 1010 425 loco,
1033 363 1158 416 levantes
1185 372 1265 426 puras

204 428 277 480 sorde
289 431 387 494 peccati
398 431 507 482 mundas
514 462 522 494 ,
534 433 559 482 et
570 432 649 482 corda-
662 433 694 482 ab
707 433 764 483 odio
777 436 802 483 et
824 453 936 506 manus,
952 440 1013 493 sine
1026 439 1067 492 ipo
1086 443 1115 492 ev
1126 436 1266 503 discam.

204 496 328 556 discordia
344 509 418 563 pnra.
826 507 912 571 [Μ

233 713 307 768 Redit
316 714 348 767 ad
358 713 385 767 ld
396 716 462 779 qood
474 728 502 767 u.
515 719 537 766 ι,
551 710 690 776 inchoavit,
699 717 724 766 et
738 719 871 780 postquam
880 719 967 769 docuit
981 717 1116 776 orandum.
1130 717 1265 778 etquidem

202 785 321 836 omnibus
334 783 521 848 modis‚et1rro
538 785 655 835 omnihus
666 784 828 846 hominibus;

232 855 305 905 Nunc
320 857 401 917 porgit
412 855 500 905 docere
515 853 530 902 a
543 853 634 914 quibus
645 884 651 913 ,
664 855 722 914 uhi,
734 859 760 904 et
776 855 902 917 quomodo
912 858 946 905 sit
957 853 1091 905 orandum.

233 923 355 985 aquibus
366 923 476 972 orandus
492 926 529 970 esi
542 921 654 970 Deusta
670 923 731 972 viris
746 926 875 987 pavitaret
888 922 1069 974 emullaribus.
1087 922 1147 972 Volo
1167 925 1263 972 ciros...

201 992 320 1042 similiter
331 997 353 1041 ei
368 991 516 1040 maltacena·

233 1060 316 1109 Oratio
332 1059 370 1108 cst
384 1058 504 1107 alimonia
521 1060 614 1110 mentis
631 1058 711 1108 :hinc
724 1061 837 1108 virorum
849 1065 874 1108 ct
887 1059 1024 1109 mulierum
1040 1061 1135 1109 animae
1150 1063 1205 1108 tam
1223 1072 1265 1108 ne-

184 1183 186 1188 ,
203 1131 326 1187 cessaria,
337 1127 414 1190 quim
426 1127 497 1176 cibus
514 1139 602 1192 corum
618 1129 725 1189 corpori.

232 1198 280 1247 Par
290 1200 390 1260 utrique
401 1198 471 1266 sexul
487 1196 623 1247 necessitas
634 1195 742 1259 orandi(
754 1196 813 1247 Volo
822 1199 917 1259 icitur,
933 1203 977 1247 cic.
988 1197 997 1257 l
1008 1211 1016 1244 c
1028 1208 1079 1246 ona
1094 1199 1188 1246 natura
1199 1209 1263 1256 ‚uua

202 1269 227 1316 ct
241 1269 330 1328 gratia.

231 1336 278 1386 Ubi
291 1335 435 1387 orandum?
445 1337 473 1385 ic
484 1337 552 1386 omiti
565 1335 627 1386 loco.

231 1404 278 1453 l’cr
293 1403 420 1455 Christum
429 1408 481 1453 tota
492 1409 559 1453 terra
572 1403 728 1464 sanctificata
741 1408 794 1465 est,
805 1406 937 1466 omnisque
948 1405 1018 1454 locus
1025 1404 1165 1454 oratorium
1173 1402 1263 1452 iactus.

233 1473 358 1533 Quoniam
372 1472 487 1522 Christus
507 1471 645 1522 adveniens
663 1475 774 1534 expiavit
794 1477 937 1524 universam
960 1477 1070 1530 terrum,
1084 1471 1159 1522 nobis
1182 1475 1264 1522 omnis

201 1541 272 1591 locus
284 1543 423 1590 oratorium
438 1541 521 1590 iactus
536 1545 589 1600 cst,
609 1541 646 1589 ait
665 1540 769 1602 August.
786 1554 861 1591 serm.
877 1545 929 1592 130.
941 1544 967 1591 iu
982 1553 1078 1606 parasc.
1101 1540 1227 1590 de'croce
1240 1545 1264 1588 ct

201 1610 307 1659 latrone.

232 1677 296 1728 ilinc
306 1665 421 1742 praciprt
441 1678 573 1741 Apostolus
588 1690 659 1729 oraro
674 1679 776 1741 ubique.

231 1746 307 1798 Nobis
323 1751 407 1811 itaque
418 1748 478 1798 iicet
491 1751 518 1798 ln
529 1750 598 1798 omni
608 1747 662 1798 loco
675 1761 755 1798 orare.
1080 1812 1085 1817 Α

229 1816 278 1866 Sed
293 1819 353 1880 quia
364 1817 408 1868 hlo
418 1820 501 1879 agitur
517 1817 548 1866 de
560 1817 667 1880 publicis
681 1820 798 1882 precibus
808 1856 814 1878 ,
823 1821 848 1868 et
858 1817 983 1881 pracipnd
993 1817 1025 1866 de
1038 1817 1163 1867 sacrificio
1180 1823 1207 1868 et
1221 1832 1261 1880 sy·

199 1889 274 1948 naxi,
291 1891 321 1936 ut
338 1887 411 1936 aiunt
422 1898 510 1954 omues
525 1888 689 1948 interpretes,
701 1891 726 1937 ct
745 1891 773 1935 ni
789 1887 951 1936 manifestum
962 1892 1000 1936 ost
1011 1897 1041 1935 cx
1055 1885 1145 1934 habitu
1163 1884 1261 1938 duocutl

200 1962 225 2006 et
241 1962 331 2008 omato
346 1969 422 2019 quem
442 1955 574 2020 Apostolus
591 1959 696 2020 requirit
710 1960 737 2007 in
760 1956 908 2006 mulieribus
922 1969 930 2005 t
943 1956 1004 2016 quid
1023 1957 1093 2006 enlm
1113 1954 1193 2004 refert
1213 1968 1261 2018 quo

198 2027 286 2078 habitu
302 2030 375 2078 orent
391 2029 417 2076 in
430 2026 574 2078 cuhlculiai

229 2112 294 2162 ilinc
313 2113 342 2160 ic
352 2111 421 2161 omni
435 2112 487 2162 loco
498 2149 505 2172 ,
518 2109 630 2175 intellige
648 2113 755 2176 publicis
774 2113 890 2176 precibus
903 2110 999 2171 dicato,
1015 2123 1059 2162 sau
1072 2112 1100 2158 in
1115 2110 1207 2172 quavis
1220 2122 1261 2160 cc·

199 2181 275 2230 clasii
286 2218 293 2241 ,
305 2193 349 2231 seu
364 2181 448 2244 potitis
457 2183 581 2231 oratoriis.

229 2251 300 2301 Tunc
311 2253 380 2300 enim
399 2250 514 2300 nondum
527 2253 600 2300 crant
613 2251 730 2314 ¹ccclesia
741 2288 749 2312 ‚
760 2251 803 2302 scd
816 2249 901 2302 iideles
922 2249 1105 2300 conveniebant
1126 2249 1179 2311 quo
1192 2255 1260 2313 poto

198 2323 266 2369 rant.

228 2389 272 2437 llis
286 2391 372 2438 autem
393 2388 476 2438 verbis
493 2388 602 2439 atiirmat
621 2387 672 2458 lilia
683 2389 793 2450 Paulus,
810 2387 878 2452 quod
894 2399 983 2440 corum
998 2399 1086 2453 preces
1102 2400 1157 2437 nou
1174 2388 1260 2438 minis

197 2460 273 2518 graia
289 2459 371 2506 essem
383 2456 432 2506 lieo
442 2459 470 2506 in
483 2469 633 2519 quocunque
645 2457 700 2506 loco
711 2459 826 2520 precihus
838 2457 933 2518 dicato,
945 2469 989 2507 seu
1009 2457 1134 2516 oratorio,
1148 2457 1227 2519 quim
1239 2459 1259 2506 si

197 2527 225 2574 in
240 2523 333 2586 templo
348 2523 556 2586 ierosolymitano
574 2525 646 2576 iacta
657 2525 763 2576 inissent
774 2537 781 2573 r
793 2524 848 2574 volt
857 2537 915 2587 crgo
935 2528 964 2575 ut
978 2525 1011 2574 ad
1028 2524 1154 2576 orandum
1165 2537 1258 2575 conve·

198 2595 272 2643 niant
284 2594 326 2643 uhi
341 2597 473 2656 potarunt,
481 2595 578 2656 eritque
591 2594 753 2646 commodum
763 2605 843 2644 orare.

226 2662 355 2722 Qitomodo
369 2663 476 2714 orabunt
488 2665 555 2714 virli

228 2745 344 2795 decoctas
354 2745 387 2794 ad
399 2745 491 2796 coelum
502 2759 595 2796 monas
607 2743 835 2809 corcodomum
848 2743 911 2794 lotas
920 2765 928 2806 ;
938 2745 981 2795 sed
997 2743 1135 2807 cupiditate
1144 2745 1256 2808 ‚rapina

197 2813 306 2864 caedibus
321 2813 440 2865 mundas.
456 2814 657 2878 Chrysosiomos.

225 2883 328 2933 Levatio
345 2897 471 2934 manuum
489 2885 615 2946 significat
636 2883 717 2933 cordis
738 2884 903 2935 elevationem
916 2921 922 2942 .
933 2885 970 2934 uit
981 2883 1055 2933 divus
1069 2883 1182 2934 Thomas
1190 2905 1198 2946 3
1209 2883 1255 2934 hic

197 2951 347 3000 caeremonia
361 2951 485 3002 auxillum
498 2953 530 3002 ab
545 2953 596 3002 alto
607 2953 710 3014 petitur.

224 3019 359 3081 monrium
374 3023 428 3070 erat
441 3021 599 3071 sacerdotum
611 3023 702 3070 veteris
711 3021 863 3072 Testamenti
874 3021 957 3071 levare
967 3033 1068 3072 munus.

225 3087 278 3137 lloc
291 3091 378 3138 autom
386 3088 519 3151 aposmiis
529 3088 587 3138 vult
596 3087 650 3139 deri
662 3089 693 3138 ab
705 3091 822 3140 omnibus
839 3091 1003 3151 Christianis,
1016 3091 1077 3152 quia
1091 3101 1183 3140 omnes
1197 3090 1255 3140 sont

194 3156 336 3211 sacerdotes
346 3193 353 3218 ‚
365 3159 402 3207 ait
413 3157 583 3208 Theodorctus
597 3176 603 3206 ι
620 3159 709 3221 licooic
725 3161 900 3209 sacerdotium.

188 3285 197 3301 ,
226 3241 286 3290 Sine
297 3238 341 3289 iro
351 3245 374 3289 ct
386 3239 569 3301 disceptatione.

224 3308 347 3359 Mundum
356 3310 389 3358 sit
405 3312 430 3358 et
443 3321 486 3358 cor
498 3308 529 3358 ab
541 3309 578 3358 ira
596 3313 621 3359 et
633 3309 778 3360 inimicitie.

224 3378 287 3442 Quia
302 3379 370 3428 viros
383 3379 538 3438 nominavit,
546 3380 607 3450 vitio
621 3377 731 3427 excindit
744 3381 771 3427 in
782 3380 849 3427 viros
859 3380 939 3440 magia
950 3378 1072 3430 cadentia.

224 3465 413 3527 Disceptatione·
425 3462 467 3513 Gr.
485 3459 639 3521 διαλογισμοῦ.

223 3534 309 3594 Latini
320 3533 518 3596 interpretantur
529 3530 714 3594 disputatione,
726 3543 770 3582 sen
782 3531 908 3582 discordit
922 3545 983 3582 cum
999 3531 1129 3582 trontius.

224 3603 298 3652 iuria
308 3615 371 3664 quos
388 3613 478 3653 sensus
493 3605 548 3652 est:
562 3601 684 3665 pacificus
697 3603 730 3659 ait
740 3603 842 3652 animus
852 3639 859 3662 ,
870 3602 925 3652 sinc
946 3601 1003 3652 odio
1024 3605 1050 3651 ct
1065 3601 1234 3666 disputatione
1242 3620 1250 3662 ;

192 3670 291 3732 hocque
306 3669 436 3722 coniormc
449 3672 487 3720 ost
503 3671 595 3721 rationi
608 3671 745 3722 liominlco
756 3691 763 3732 ς
775 3671 877 3723 Dimitte
885 3671 957 3722 cotis
975 3671 1059 3722 debito
1072 3677 1176 3730 contro,
1189 3671 1251 3720 noar

194 3743 217 3788 ct
235 3743 347 3796 cos,elc.

224 3807 351 3857 orationis
369 3807 467 3860 tructus
482 3810 520 3860 est
530 3807 701 3860 reconciliatio
712 3821 772 3859 cum
790 3807 840 3860 lieo
852 3828 859 3860 ι
870 3809 931 3862 huic
946 3813 1033 3860 autom
1050 3807 1249 3860 reconciliationi

194 3874 453 3998 ggffilffioargidhglnsio
466 3878 536 3927 obest
549 3891 581 3930 ao
596 3875 719 3928 discordia
735 3887 795 3927 cum
805 3875 938 3939 iratribus3
949 3877 1011 3929 hinc
1024 3880 1080 3930 sine
1091 3878 1149 3928 odio
1159 3882 1184 3928 et
1198 3875 1249 3925 ‹iis-
