2670 4542
316 350 837 405 attipiaxaxaosw10.cait
859 356 887 405 ιι
1069 345 1073 350 ’
1102 357 1137 408 aa

77 461 111 498 aas
122 445 241 497 diabolus
251 464 258 494 :
272 443 458 495 Antichristum
469 447 497 494 in
508 445 648 507 semetipsis
660 456 711 494 non
722 445 809 497 vidant
821 449 849 496 in
865 447 956 508 quibus
967 452 1004 498 ast
1014 450 1044 499 da
1054 449 1119 498 iacto
1130 488 1136 510 ‚

78 520 97 566 in
110 518 177 580 Papa
190 515 283 566 vidant
301 517 328 563 in
343 527 394 575 quo
406 527 457 564 non
469 519 515 565 ast.

100 588 215 648 Iliaeque
227 583 296 634 disca
308 585 385 646 quam
395 583 508 634 timenda
525 587 559 633 sit
577 587 671 634 mantia
684 586 802 645 caeaitas3
815 589 841 633 at
855 585 931 645 quim
944 584 1068 636 horrenda
1084 587 1136 635 haa-

77 660 131 707 rasis
140 657 295 718 perversitas
306 655 356 716 qui
372 653 486 704 diabolus
496 656 533 703 tot
544 654 661 703 homines
674 656 792 702 excavat.

100 740 192 789 Sauo.
200 762 234 772 -
242 733 280 786 Ex
292 750 318 786 n.
330 738 367 796 10,
377 735 445 786 disca
457 735 534 796 quam
551 735 663 786 terribile
674 738 708 785 ait
720 735 837 796 Christo,
854 737 951 785 veritati
965 741 989 785 at
1003 737 1135 799 charitati,

78 822 122 858 non
132 807 246 857 credere.
1038 845 1042 852 .

101 886 152 932 Hoc
167 881 236 930 anim
247 884 282 928 att
294 878 424 941 iudicium
437 878 535 929 mandi.

100 951 151 998 Ηοο
163 949 280 997 veritatis
289 951 314 995 et
327 948 457 996 charitatis
467 945 555 996 oblata}
565 945 699 1010 repudium
709 947 856 1010 gravissimi
868 946 1021 996 infidelitatis
1032 952 1058 996 at
1066 960 1137 998 cact-

79 1019 131 1066 tatis
142 1016 218 1079 poena
231 1017 349 1077 punitur.

103 1085 247 1134 Catholicus
257 1095 317 1145 argo
327 1083 429 1134 veritati
441 1082 562 1145 tradens,
574 1086 702 1136 tanatitati
713 1085 817 1136 sindana
826 1122 833 1145 ‚
842 1084 892 1136 Deo
903 1087 995 1146 gratias
1005 1090 1061 1148 agat
1070 1087 1137 1148 quoti

78 1167 130 1202 eum
140 1154 214 1216 elegit
225 1155 252 1202 in
263 1150 373 1202 salutem
386 1165 430 1214 par
445 1151 667 1204 sanctificationem
680 1153 788 1216 spiritis
799 1153 908 1203 attidem
921 1156 1041 1215 veritatis,
1057 1168 1083 1204 n.
1099 1159 1135 1204 12.
1167 1191 1172 1202 .

105 1224 131 1272 ln
142 1225 191 1286 qut
204 1222 255 1273 tide
275 1225 421 1273 constanter
436 1233 616 1284 perseverans,
626 1221 724 1274 Christo
742 1226 842 1285 menta,
854 1223 943 1283 corda,
956 1237 1030 1287 opera
1044 1225 1136 1286 jugiter

79 1293 206 1344 adhereat.
