2670 4542
141 288 153 308 “⁵
195 281 232 346 ti
391 287 521 344 PRlllAE
539 281 743 342 EPISTOEAE
761 284 811 339 ab
829 275 1058 338 alitodudlttt

226 381 333 444 Propria
342 381 429 432 domui
438 393 490 432 sna
501 383 565 432 bene
574 377 793 444 presidentibus
849 384 877 435 t.
898 381 953 436 sed
976 393 1034 434 suae
1060 376 1159 432 domui
1177 349 1259 432 vbenc

197 451 325 500 condocet
335 452 362 498 tn
378 449 522 501 obedientit
531 450 579 500 sibl
589 449 717 508 subditos,
729 449 755 497 et
766 449 792 498 tn
815 457 1010 524 praeposirum,
1022 454 1093 508 filios
1108 453 1260 506 habentem

84 559 89 568 .
197 518 267 568 omni
281 515 411 568 lwttwini
426 522 452 568 θῑ
461 520 583 580 metato
592 529 704 568 mlum·
816 533 943 588 subditos
956 545 1020 586 cum
1033 529 1109 584 omui
1119 529 1258 582 castitate.

226 607 289 656 llam
300 609 321 656 st
329 605 451 656 familiam
460 619 533 656 suam
542 608 623 658 nescit
630 617 723 668 regere,
734 616 795 668 quo-
851 615 878 666 5,
886 611 915 666 st
924 610 987 678 quis
994 614 1087 662 autam
1097 605 1194 660 domui
1201 618 1260 660 suae

196 667 272 724 modo
282 673 401 724 Ecclesiae
415 673 459 724 liei
472 687 561 726 curam
572 675 657 738 geret?
816 703 936 758 praeesse
944 687 1043 751 nescit,
1053 685 1197 752 quomodo
1208 686 1261 736 Ec-

817 767 908 822 clesiae
920 765 968 820 bei
980 761 1152 832 diligentiam
1169 761 1260 815 babe-

228 917 283 966 Non
302 917 335 966 sit
351 928 431 979 nuper
451 883 591 979 baptizatus
604 916 629 962 ct
641 911 740 962 Christo
754 913 795 960 in·
816 845 879 976 bug
891 925 953 976 Non
971 919 1161 988 „mphypum
1175 927 1213 970 ue
1231 915 1259 968 pn

199 985 280 1044 situs,
295 995 345 1043 ne,
362 983 394 1032 ob
409 981 567 1045 episcopatus
584 979 707 1062 honorem
721 979 796 1030 inda·
819 999 977 1068 superbiam
1002 999 1109 1060 elatus,
1129 995 1159 1048 ᾖ,
1181 992 1260 1060 judi,
1316 1041 1320 1045 ι

198 1055 240 1100 tus
251 1087 258 1112 ,
269 1051 414 1112 superbiat,
432 1052 458 1098 et
472 1049 503 1098 ob
514 1050 674 1132 superbiam,
687 1050 714 1097 in
726 1059 796 1098 earu-
819 1080 894 1135 cium
905 1075 1009 1131 incidat
1022 1073 1135 1130 diam

199 1120 257 1169 dem
279 1132 339 1168 cum
352 1119 465 1169 doemone
481 1117 672 1168 damnationem
691 1118 796 1169 incidat.

230 1185 334 1250 Oportet
353 1189 431 1238 etiam
451 1186 524 1236 illum
544 1187 608 1236 bene
628 1186 716 1237 audire
730 1185 798 1250 apud
854 1189 881 1239 7.
895 1185 1008 1252 Oportet
1027 1184 1120 1234 autem
1136 1179 1215 1234 illum
1234 1183 1261 1231 ct

230 1344 305 1396 addit
321 1345 535 1409 theophylactus,
554 1345 711 1396 moderatam
732 1343 834 1394 tantum
854 1343 977 1390 virtutem
996 1338 1103 1400 requirit
1120 1355 1128 1386 e
1149 1340 1177 1388 at
1192 1346 1260 1386 nunc

202 1415 283 1479 (prob
299 1415 402 1478 dolori)
416 1415 466 1478 qud
485 1415 625 1465 excidimus
641 1416 769 1478 episcopi,
784 1416 814 1462 ut
825 1423 858 1462 ne
870 1409 988 1460 umbram
1003 1407 1106 1468 quidam
1122 1406 1187 1456 adeo
1204 1417 1260 1454 mo-

200 1484 291 1535 dorato
300 1486 403 1535 rimatis
413 1485 441 1535 in
451 1484 524 1534 nobis
537 1482 690 1548 deprehendi
706 1482 793 1534 lioeatt
802 1481 878 1532 Parce
893 1477 965 1528 nobis
974 1512 981 1537 ,
991 1475 1106 1526 Domine.

231 1569 255 1616 t.
270 1567 329 1616 Suc
339 1567 428 1617 domm
438 1567 496 1616 berra
507 1567 683 1629 prepositum.

231 1637 286 1698 Syr.
298 1635 374 1698 probe
386 1637 529 1697 gubernans
544 1636 649 1685 domum
662 1646 745 1685 suam.

231 1705 325 1754 bonum
340 1704 477 1756 christiane
494 1709 533 1755 eat
555 1716 633 1768 porra
648 1702 763 1765 quadam
783 1700 910 1760 Ecclesiar
923 1703 990 1751 sicut
1006 1697 1117 1751 Ecclesia
1138 1702 1177 1750 est
1193 1698 1261 1748 velut

201 1785 292 1836 magna
303 1773 419 1835 quadam
434 1773 540 1835 domus,
559 1775 597 1822 ait
610 1772 641 1823 l).
654 1772 760 1836 dhrym
777 1783 808 1822 ox
825 1771 947 1832 regimine
967 1773 1053 1818 autem
1071 1779 1158 1830 parvm
1172 1767 1260 1816 domis

201 1843 309 1897 infertur
319 1842 445 1904 judicium
461 1844 492 1893 de
504 1841 646 1906 aptitudine
663 1841 696 1892 ad
714 1853 832 1906 magnam
845 1839 993 1902 regendam,
1007 1835 1102 1890 sedicet
1114 1835 1260 1888 Ecclesiam.

232 1917 312 1968 attica
327 1915 454 1968 batuam
464 1916 586 1966 sabditos.

233 1992 328 2051 Filios,
339 1993 360 2042 si
373 2003 436 2053 quos
446 1991 536 2042 babuit
554 1993 691 2054 antequam
702 1989 927 2055 flaretepiscopus,
938 1989 967 2039 in
982 1987 1122 2039 obedientie
1134 1990 1261 2040 contineat

202 2061 287 2114 etati
297 2061 420 2114 subditor-

235 2139 297 2187 Gum
314 2136 383 2186 omui
400 2135 525 2195 castitate,
545 2134 677 2196 laterbe,
692 2133 797 2195 habitu,
808 2143 897 2197 opere,
911 2135 936 2182 et
948 2131 982 2183 ad
996 2143 1084 2183 omnes
1099 2135 1125 2180 ct
1145 2135 1174 2184 in
1192 2134 1261 2183 omui

201 2209 327 2267 ternpore,
341 2205 378 2252 alt
392 2204 602 2266 theophylactus.

233 2277 430 2392 Exleducotione
444 2276 555 2328 tiliorum
573 2275 682 2326 infertur
692 2275 805 2339 aptitudo
815 2276 894 2338 patrie
908 2275 941 2324 ad
954 2274 1122 2325 instituendos
1135 2274 1202 2325 illios
1212 2276 1260 2338 spi-

203 2346 270 2396 ritua
281 2355 317 2393 es.

233 2411 371 2474 Episcopus
386 2413 457 2474 pater
476 2414 515 2462 est
531 2407 660 2473 idalium,
680 2422 761 2473 quos,
776 2413 806 2460 at
822 2408 905 2471 tilios,
918 2408 991 2460 debet
1003 2411 1031 2460 in
1043 2413 1115 2460 omni
1130 2411 1263 2462 honestate·

205 2485 230 2530 et
250 2480 371 2541 maritata
390 2493 492 2530 morum
514 2481 662 2542 insiliuere3
682 2480 806 2542 quomodo
824 2483 910 2529 autem
932 2477 995 2528 alios
1015 2484 1099 2530 castos
1117 2479 1211 2541 iactet,
1226 2483 1260 2529 ait
1324 2487 1325 2492 ’

204 2548 422 2612 theophylactus,
433 2551 477 2612 qur
488 2551 589 2614 propria
604 2550 702 2600 uiscera
716 2551 778 2600 sinit
790 2547 918 2613 impudice
929 2549 1032 2598 vireret

234 2633 258 2682 b.
278 2631 309 2682 Si
331 2633 388 2694 qaia
405 2637 490 2684 cutm
505 2633 599 2684 domui.
613 2646 694 2683 aaa...

233 2701 288 2764 syr.
303 2703 324 2750 si
337 2703 394 2762 quis
411 2703 480 2752 enim
499 2701 604 2752 domum
614 2703 743 2764 propriam
755 2703 836 2753 noscit
847 2701 911 2754 bene
926 2700 1066 2762 moderari,
1079 2702 1207 2764 quomodo
1216 2714 1259 2764 po·

202 2767 412 2822 terltEoclcstam
424 2770 468 2821 Det
481 2771 640 2834 gubernaret
1324 2787 1325 2824 ς

231 2839 326 2888 Domus
345 2852 422 2901 parva
437 2843 475 2890 est
489 2841 611 2891 Ecclesia.
626 2840 652 2892 Si
671 2841 748 2902 igitur
767 2840 873 2892 modica
890 2843 915 2891 et
931 2837 1004 2890 facile
1020 2841 1222 2906 circumscriptili
1235 2844 1259 2891 et

202 2906 360 2970 cognoscibili
375 2921 428 2958 non
446 2911 525 2970 possit
537 2920 659 2971 preesse,
676 2909 800 2969 quomodo
819 2913 857 2959 tot
867 2911 1012 2970 animarum
1029 2913 1167 2962 senoenttas
1178 2947 1185 2972 ‚
1198 2924 1257 2973 quas
1324 2923 1325 2978 ;

202 2987 351 3038 cognoscere
361 2989 413 3026 non
426 2979 523 3040 possit,
534 2977 704 3038 gubernabit?
716 2977 926 3041 Theopbylectus.

232 3061 257 3108 6.
271 3057 326 3107 Noc
338 3057 501 3121 neophytum.

233 3125 277 3175 Gr.
290 3137 342 3175 non
357 3138 439 3188 nuper
454 3128 576 3188 insitum,
590 3125 741 3191 plantatam.
1324 3157 1325 3180 r

231 3191 374 3255 Ectapbort
384 3193 400 3242 t
412 3192 505 3256 plantis
517 3195 593 3246 ducta
604 3215 611 3256 ς
623 3209 675 3248 non
686 3208 767 3260 nuper
776 3197 915 3261 baptizatus
929 3199 957 3248 ln
974 3197 1072 3250 Christo
1085 3200 1197 3264 insitos(
1209 3213 1257 3251 non

201 3265 235 3314 stt
242 3263 354 3382 ἑὲοοιιὶιε
368 3261 533 3326 discipulatus
546 3283 554 3315 a
569 3264 625 3328 Syr.
637 3264 646 3329 )
658 3277 718 3328 seu,
733 3269 832 3318 nonsit
849 3279 911 3330 puer
932 3269 961 3318 in
978 3266 1094 3320 doctrina
1109 3274 1135 3320 et
1150 3273 1257 3324 uorldoa

201 3335 229 3383 in
278 3343 301 3383 θ·
1324 3361 1325 3364 ’

232 3407 583 3472 Naiarapcrbioorctotor...
1324 3467 1325 3472 ἵ

232 3477 267 3528 tta
285 3478 443 3540 episcopatus
460 3476 556 3526 honore
571 3477 674 3528 inflatus
691 3477 833 3540 superbiet,
849 3477 946 3541 albique
960 3479 1113 3542 complaceat
1126 3488 1198 3546 qusai
1211 3485 1256 3536 Ec·
1324 3489 1325 3500 *

201 3544 284 3602 alesin
298 3549 456 3606 recesserim
471 3547 557 3606 sicque
572 3545 620 3596 sibi
636 3547 794 3610 complacens
811 3550 836 3598 et
857 3549 884 3596 ln
903 3559 930 3598 se
945 3549 1107 3611 superbiens,
1121 3552 1218 3604 incida
1231 3556 1256 3603 in

201 3619 348 3676 peccatum,
361 3617 387 3662 et
400 3613 455 3663 ideo
467 3615 494 3662 in
506 3613 694 3664 damnationem
705 3613 813 3673 diaboii;
831 3615 856 3664 id
871 3618 926 3676 est,
940 3627 973 3665 nc
985 3615 1016 3666 ob
1030 3630 1103 3668 suam
1116 3622 1256 3684 superbiam

202 3681 335 3730 damnetur
349 3685 374 3730 et
393 3685 495 3744 pereat,
512 3683 579 3731 sicut
594 3679 710 3743 Lucifer,
727 3685 772 3744 qur
790 3684 932 3748 neophytus
946 3685 975 3734 tn
991 3685 1071 3748 croto,
1085 3690 1256 3752 superbiit,ct

202 3748 258 3800 ideo
276 3747 326 3798 tuit
343 3748 478 3802 damnatus
494 3753 520 3800 et
537 3750 661 3810 eiectare
683 3751 755 3802 coelo.

232 3821 362 3874 sodidum
373 3822 509 3884 appellarit
522 3822 709 3876 damnationem
719 3861 727 3885 ,
737 3837 838 3888 penam
856 3829 881 3878 et
897 3825 1059 3889 supplicium.

233 3891 297 3944 ilinc
314 3890 379 3942 bene
392 3889 517 3954 colligitur
529 3894 672 3956 superbiam
685 3893 761 3946 tuisse
775 3894 868 3949 diaboli
880 3900 1020 3962 peccatum.

234 3975 260 4026 7.
276 3973 376 4036 operar
387 3977 471 4024 auton
486 3973 562 4028 iilum
581 3981 603 4026 ct
616 3975 821 4028 taenarium...
