2622 4552
199 283 249 335 ast
494 280 699 336 EPISTOLAE
718 284 766 335 ΔΙ)
784 281 971 336 ilEBIiAEOS

506 548 643 622 carui
665 547 953 624 dissolutior.
1002 601 1006 607 -

407 723 592 762 romanensis.
838 749 841 754 ·
988 720 1099 760 anxius.

200 857 287 959 Drxr
296 845 393 904 justum
406 855 435 892 ex
446 841 589 891 dderivere
598 840 627 900 3d
637 839 709 890 nobis
720 841 796 901 igitur
818 844 847 892 1.
907 854 938 893 sr
950 844 1044 892 autern
1058 837 1129 893 tides
1147 854 1248 908 speras.

251 909 408 971 agnoscenda
422 910 476 958 baee
487 910 569 957 virtus
579 945 585 968 ,
597 910 612 958 a
622 921 673 969 qua
684 911 796 956 nascitur
858 853 1009 971 Edasum
1036 917 1189 974 substantia
1209 937 1248 974 se.

198 980 296 1058 justitia
307 990 363 1038 quan
376 981 414 1025 est
425 988 534 1056 praesens
545 977 637 1025 animae
648 978 744 1035 vita,et
755 977 797 1024 nui
821 1006 900 1058 rum,
911 999 1107 1061 argumentum
1116 1009 1172 1052 non
1179 1013 1249 1066 appa·

198 1057 323 1106 prornrssa
336 1048 374 1094 est
392 1043 618 1093 sternumentis
637 1047 724 1092 autem
736 1041 798 1091 tides
822 1070 952 1125 rentium·

199 1118 267 1162 serta
291 1118 317 1162 et
336 1112 410 1162 tirma
432 1123 518 1160 rerum
540 1123 603 1171 quas
623 1122 755 1173 speramus
770 1111 797 1159 in

199 1181 330 1230 inteiieetu
352 1184 437 1230 nostro
459 1179 636 1238 subsistentia,
661 1182 687 1226 et
711 1190 798 1227 rerum
889 1206 892 1212 -

199 1250 316 1299 sensibus
329 1261 380 1298 non
393 1250 588 1310 conspicuarum
601 1246 797 1307 demonstratio,

200 1331 244 1368 seu
257 1320 397 1377 convictio,
408 1330 438 1366 ex
450 1317 527 1366 verbo
540 1316 584 1364 liei
600 1315 706 1365 seilicet.
894 1363 899 1372 ,

231 1386 277 1435 Por
290 1387 357 1435 bana
368 1388 486 1435 vixerunt
500 1395 588 1433 omnes
599 1385 697 1445 antiqui
716 1385 800 1445 patres
856 1383 1065 1438 2.inbeeenim
1075 1388 1249 1442 testimonium

199 1458 243 1516 qui
262 1457 325 1515 justi
349 1454 468 1512 fuerunt3
480 1453 574 1500 etenim
592 1449 625 1499 ob
641 1450 711 1499 iilam
727 1451 800 1499 testi·
822 1462 966 1516 consecuti
976 1469 1042 1516 sum
1054 1477 1147 1518 senes·

199 1525 316 1573 monium
326 1525 431 1582 iustitiae
447 1521 576 1570 eonseeuti
593 1522 654 1569 sunt
664 1519 679 1568 d
690 1517 757 1579 Deo,
772 1521 799 1568 in

199 1593 279 1640 saeris
292 1593 415 1640 nimirum
428 1588 576 1654 seripturis.

231 1781 292 1830 Gar.
308 1780 348 1830 iii.
360 1782 435 1830 ndat
446 1785 530 1828 autem
543 1779 604 1841 fides
614 1780 800 1841 wenedorum
809 1777 980 1827 substantio...

230 1855 288 1918 Syr.
305 1859 343 1906 est
358 1858 445 1906 autem
461 1851 537 1913 tides,
552 1853 674 1904 certitudo
690 1852 721 1902 da
733 1855 765 1902 iis
779 1862 836 1913 qua
849 1855 910 1901 sunt
924 1853 952 1900 in
963 1862 1007 1914 spe
1016 1887 1024 1912 ,
1033 1864 1065 1902 ao
1075 1855 1099 1902 si
1113 1855 1168 1914 jem
1178 1855 1253 1903 existe

199 1932 257 1974 rent
269 1929 343 1985 aeto,
354 1927 380 1974 et
392 1923 511 1972 revelatio
522 1934 610 1971 earum
619 1934 675 1984 quaa
686 1933 738 1971 non
748 1920 876 1969 ridentur.

230 2000 275 2049 iist
290 2001 367 2049 etiem
376 2010 463 2048 rerum
475 1995 664 2054 timendorum,
675 2006 700 2043 v.
713 2006 747 2055 g„
759 1992 852 2043 interni
862 2013 870 2054 ς
880 1993 924 2042 sed
933 1993 963 2043 de
974 1993 1108 2056 sperandis
1118 1996 1215 2047 tantdm
1223 1996 1252 2045 io

199 2071 286 2128 quitur
299 2066 512 2131 Apostolus,quia
524 2077 568 2128 per
578 2063 681 2114 iliarum
692 2063 851 2112 existentiam
864 2065 889 2112 et
898 2067 1028 2125 aspectum
1040 2063 1095 2116 ruit
1107 2065 1218 2117 iiebraeos
1227 2065 1252 2114 ad

199 2139 413 2198 perseverantiam
422 2137 549 2184 animare.

232 2229 389 2278 substantio.
398 2225 441 2276 Gr.
452 2224 592 2283 ὑπόστασις,
605 2225 764 2275 subsistentia
776 2261 783 2284 ‚
795 2223 821 2274 id
833 2227 870 2272 est
879 2261 886 2285 ,
895 2223 957 2274 tides
974 2223 1035 2274 iaeit
1050 2227 1082 2275 ut
1099 2223 1168 2275 bona
1182 2225 1252 2275 sutura
1297 2193 1298 2257 i

200 2309 256 2356 quae
268 2296 382 2346 nondum
391 2298 516 2352 existunt,
530 2295 668 2344 snbslstant
686 2296 714 2343 in
729 2292 859 2342 intellectu
869 2327 876 2354 ,
888 2303 967 2354 eaque
977 2296 1032 2342 tam
1045 2297 1116 2344 certa
1129 2294 1252 2346 habeamus

200 2377 230 2412 ae
246 2365 310 2413 side
323 2363 451 2422 iaotoiaru
465 2363 608 2412 existerent.
652 2395 656 2404 .
729 2369 738 2385 ·
1296 2363 1297 2441 i

230 2457 420 2515 deponentem.
432 2451 476 2501 Gr.
490 2449 582 2510 ἱλεγχος
591 2481 599 2506 ,
608 2456 734 2514 ostensio,
754 2453 952 2512 demonstratio,
965 2450 1139 2503 manifestatio
1158 2467 1205 2504 aon
1216 2466 1252 2514 op

200 2523 356 2584 parentiam,
364 2521 391 2570 id
404 2523 457 2580 esi,
469 2532 558 2568 earum
571 2522 648 2569 etiam
659 2535 747 2572 rerum
759 2536 815 2585 quae
826 2535 878 2572 non
894 2524 955 2571 suut
967 2521 1115 2583 conspicuae
1130 2522 1250 2572 sensibus:
1295 2551 1296 2623 1

200 2591 315 2652 qirredam
326 2591 394 2639 enim
405 2601 445 2639 ros
456 2591 598 2651 conspicuae
608 2589 764 2650 ereduntur,
777 2604 802 2640 v.
814 2603 848 2652 g„
861 2585 940 2640 mors.

231 2666 278 2716 Sed
291 2672 392 2728 propter
406 2667 531 2713 rationem
544 2666 598 2723 jam
610 2663 720 2719 dietam
732 2663 844 2725 loquitur
854 2663 987 2725 Apostolus
999 2664 1129 2726 precipue
1148 2663 1180 2715 de
1194 2665 1251 2714 bonis

200 2748 256 2796 quoe
269 2744 400 2796 speramus
414 2736 439 2780 et
453 2743 509 2792 quae
522 2744 572 2780 non
590 2735 650 2780 sunt
663 2734 800 2793 conspicua
812 2768 819 2789 ,
831 2737 856 2781 et
872 2745 928 2793 oua
939 2732 1012 2781 oeuio
1026 2732 1087 2781 iidei
1099 2735 1175 2793 quasi
1186 2733 1251 2782 aemi·
1294 2739 1295 2807 i

200 2817 257 2853 urus
272 2801 341 2851 velut
351 2804 493 2864 praeseutia.
504 2801 561 2850 iiaeo
574 2804 661 2850 autem
671 2800 730 2850 iidei
747 2801 927 2851 demonstratio
939 2814 990 2850 non
1005 2803 1084 2850 estin
1098 2803 1176 2851 rebus
1189 2803 1249 2864 ipsis.

200 2873 243 2926 sed
254 2874 282 2920 in
293 2871 342 2921 iieo
354 2874 486 2920 attestante
498 2888 505 2930 ς
515 2868 617 2919 evidens
626 2871 696 2918 euim
707 2874 745 2918 est
755 2874 853 2919 eertum
865 2881 918 2918 esse
929 2867 996 2930 quod
1007 2869 1074 2918 Deus
1085 2869 1190 2919 rereiat.

230 2945 301 2993 Fides
313 2946 398 3004 itaque
408 2947 445 2992 est
454 2944 525 3003 quasi
536 2941 681 3002 oeuius‚rel
690 2944 761 3003 qrrasi
776 2942 875 3005 dioptra
884 2941 934 3004 qut
944 2953 985 2991 res
995 2944 1173 2994 remotissimae
1181 2941 1249 2993 etatis
1293 2933 1294 2991 i

201 3026 252 3060 non
263 3016 429 3072 apparentes,
441 3014 513 3072 quasi
525 3014 646 3074 proximas
656 3011 785 3060 videntur.
1049 3051 1053 3056 .

231 3087 282 3134 iiao
294 3085 391 3146 dioptrd
403 3086 485 3133 saneti
498 3089 622 3147 martyres
634 3090 659 3134 et
671 3085 825 3135 confessores
839 3089 938 3136 aeterna
953 3088 1012 3136 altae
1025 3085 1093 3136 bona
1108 3088 1249 3149 conspieier·
1292 3117 1293 3122 κ

199 3160 251 3212 tes,
261 3151 432 3214 contempsere
444 3155 502 3202 ritae
513 3155 642 3216 prasentts
652 3153 802 3212 commoda,
818 3141 1104 3214 tormentaqus'tortrter
1117 3153 1248 3204 sustinuere.
1292 3129 1293 3173 ¹

231 3226 287 3276 iiaee
307 3231 345 3276 est
356 3239 413 3288 ergo
428 3238 495 3276 vera
508 3231 533 3276 et
547 3227 606 3276 rita
618 3225 676 3274 iidei
689 3225 837 3286 descriptio.
854 3237 907 3274 non
918 3225 1013 3287 frigida
1024 3231 1049 3274 et
1060 3226 1250 3283 dormientis,at

199 3307 252 3344 non
263 3295 346 3346 dicam
357 3333 364 3354 ,
374 3294 682 3357 mortuae‚plerorumque
694 3293 837 3354 bominum,
845 3295 871 3344 in
883 3295 974 3356 quibus
986 3294 1125 3357 fascinatio
1136 3296 1249 3358 saeperita·
1291 3287 1292 3357 i

202 3367 235 3414 tis
252 3366 370 3415 obseurat
382 3366 455 3415 bono.

204 3475 209 3480 ·
230 3462 254 3508 2.
266 3461 296 3509 in·
306 3460 353 3510 boe
366 3463 445 3517 enim,
457 3462 518 3521 puto
529 3457 578 3506 boo
591 3459 655 3506 enim
668 3461 792 3520 respicere
803 3456 958 3508 versiculum
975 3460 1068 3522 eapitis
1080 3461 1247 3522 praecedentis:

200 3528 290 3577 ‚iustus
304 3534 388 3578 autem
399 3541 508 3577 meuses
523 3528 572 3588 tide
587 3526 660 3574 visit.
672 3525 733 3574 i'ido
746 3527 929 3588 paraphrasim.
1289 3569 1290 3586 ,

230 3597 276 3646 i‘er
290 3597 357 3646 baua
370 3609 428 3657 ergo
444 3597 534 3653 iidem,
546 3608 628 3652 senes,
644 3595 735 3656 idest,
748 3597 847 3658 antiqui
864 3601 946 3659 patres
958 3598 1002 3656 qui
1023 3599 1085 3645 ante
1104 3597 1185 3660 legem
1199 3604 1220 3647 et
1229 3599 1248 3644 ir

201 3663 253 3726 lege
267 3664 370 3715 inerunt
381 3664 499 3714 illustres.

235 3740 425 3797 Testimonium,
435 3739 531 3787 bouum
547 3737 659 3796 scilicet,
672 3738 779 3786 assecuti
792 3742 851 3786 suot
865 3740 893 3787 in
910 3739 1005 3788 sanatis
1022 3738 1181 3803 Scripturis,
1198 3737 1248 3803 quid

203 3805 254 3854 lieo
265 3807 415 3869 placuerint.
701 3845 709 3860 .

233 3873 282 3922 Seu
296 3874 372 3923 iidem
392 3874 552 3933 babuerunt,
567 3874 599 3922 ob
617 3873 692 3923 iidem
711 3874 761 3923 iieo
775 3872 928 3936 placuerunt
936 3911 943 3938 ,
956 3874 987 3925 ob
1001 3873 1081 3926 fldem
1099 3877 1167 3930 bene
1181 3877 1249 3928 audit·

203 3943 266 3988 ruat
275 3975 282 4000 ,
290 3944 315 3990 et
326 3942 341 3990 d
351 3940 401 3990 iieo
412 3945 437 3992 ot
449 3942 481 3990 ab
492 3941 638 3992 bominibus
653 3940 747 3994 laudati
757 3945 825 3994 sunt.
