2612 4542
227 295 281 347 ise
394 292 582 346 SECUNDAE
600 288 806 344 EPISTOLAE
824 288 873 340 in
892 285 1124 341 amortisari

582 515 721 591 dirui
742 513 934 590 reineri

433 667 618 720 remeassem.
912 689 914 694 ,
1015 649 1126 704 raxros'.

124 765 128 770 ’
270 770 825 840 rooos‚apose01nsiesuchrrstrconstitutus
846 771 874 824 i.
936 785 1037 832 noros,
1058 771 1203 836 apostolus
1222 774 1298 826 iesu·

224 787 312 910 Pper
327 846 484 896 voluntatem
502 844 563 905 liei,
583 843 616 892 ad
636 840 823 905 praedicandum
935 847 1035 901 Christi
1050 861 1101 913 per
1116 848 1277 902 voluntatem

225 905 823 974 promissumvrtaedivinaetaerernaeqnafide·
845 927 894 982 Dei
942 923 1097 979 secundnm
1126 926 1277 990 promissio.

226 981 294 1032 iiirus
305 981 379 1031 datur
390 981 465 1030 dlieo
475 979 616 1041 perieram
628 976 766 1028 Christum.
847 966 911 1058 neu}
926 1005 989 1058 vim
1006 1015 1070 1070 ΨΜ
1084 1007 1128 1055 est
1141 1001 1171 1054 in
1182 1003 1275 1057 Christo

845 1085 910 1137 iesu
928 1097 935 1136 ε

256 1159 387 1210 Timotheo
397 1157 821 1221 iiiioeharissimogratimmiseri-
881 1163 908 1213 2,
941 1158 1086 1213 Timotheo
1124 1158 1274 1212 charissimo

225 1229 325 1291 sardia,
339 1242 388 1294 pax
407 1229 482 1280 detur
496 1233 523 1282 et
539 1226 722 1292 maitipiioetur
740 1226 756 1278 1
773 1223 823 1276 iieo
845 1237 901 1294 fluo
940 1237 1055 1304 grati„
1082 1237 1272 1299 misericordia,

223 1298 313 1359 Patre,
328 1304 354 1352 at
366 1299 381 1352 i
394 1297 502 1354 Domino
512 1301 599 1354 nostro
608 1297 669 1350 iesu
684 1295 794 1350 Christos
845 1329 899 1381 9³¹
919 1313 934 1367 ᾗ
956 1317 1013 1368 „00
1033 1316 1115 1368 pape
1132 1321 1161 1368 01
1181 1315 1272 1370 Chsjsw

845 1396 911 1450 iesu
921 1391 1038 1446 Domino
1055 1397 1165 1446 nostro.

254 1481 352 1534 Gratias
370 1495 416 1546 ago
432 1482 495 1543 lieo.
513 1495 590 1546 quern
606 1493 666 1532 oum
681 1479 745 1544 pari
759 1491 823 1530 oon-
880 1475 907 1525 5.
932 1470 1039 1526 Gratias
1062 1483 1115 1537 ago
1136 1473 1211 1536 Deo,
1237 1467 1272 1524 oui

226 1575 1272 1607 ...-...-....„.-...............-....-.-......--a

253 1653 314 1702 cer.
328 1652 350 1702 i.
363 1655 386 1702 i.
400 1650 502 1701 Penios
515 1647 644 1712 apostolae
659 1648 718 1698 deso
732 1645 826 1697 Christi
837 1659 885 1708 per
897 1646 1048 1696 volontatem
1061 1645 1138 1696 Dee...

253 1720 297 1772 Dei
310 1720 428 1780 voluntas
444 1723 483 1771 est
497 1719 650 1782 principium
666 1714 819 1779 apostolatris
830 1720 856 1765 et
867 1717 950 1765 omnis
966 1715 1128 1766 ecelesiastici
1140 1714 1269 1766 ministerii.

222 1790 284 1842 Vide
294 1790 361 1842 diota
375 1791 449 1842 initio
460 1791 550 1852 primo
564 1785 675 1850 epistotae
685 1785 719 1836 ad
731 1784 902 1836 Timotheum.

253 1863 395 1916 Seeuoddm
405 1863 597 1928 promissionem
611 1864 679 1912 oitoe.

252 1932 318 1994 iioo,
336 1933 486 1992 eeeuoddm,
504 1931 549 2001 Gr.
567 1927 646 1990 κατὰ,
665 1931 817 1982 determinat
836 1929 868 1980 ad
882 1930 942 1991 quid
961 1934 987 1978 et
999 1933 1101 1996 propter
1116 1931 1177 1992 quid
1193 1928 1268 1982 Perire

223 2004 376 2053 constitutus
390 2003 422 2052 sii
440 2000 588 2064 Apostolum
606 1997 718 2060 seilicet,
735 2000 767 2048 ad
782 1998 985 2063 predicendum,
1002 2002 1027 2048 et
1045 1999 1165 2050 omnibus
1184 2013 1267 2050 emon

223 2073 339 2124 tiendum
356 2072 580 2137 promissumritas
592 2073 700 2120 aeternee.
1161 2074 1166 2083 ’

255 2149 315 2208 Qeoe
325 2155 360 2198 ert
372 2149 401 2198 in
419 2147 516 2198 Christo
529 2146 602 2204 iero,
621 2145 648 2194 id
666 2148 719 2204 est,
733 2155 789 2206 qne
805 2141 887 2194 ritae
906 2143 956 2194 lieo
972 2142 1103 2206 fidelihus,
1120 2141 1265 2208 evangeliun

222 2216 394 2276 servantibus,
407 2215 481 2264 detur
495 2226 539 2277 per
551 2213 637 2263 iesum
653 2213 780 2263 Christum
792 2249 799 2272 ,
811 2213 993 2274 redemptorem
1004 2215 1131 2263 nestrum.

251 2285 321 2334 Petet
332 2297 362 2334 ex
373 2284 458 2332 Graeoo
470 2281 621 2345 particulam
633 2281 723 2344 (qno)
735 2280 768 2330 ad
779 2285 858 2330 vitem
870 2281 966 2341 reierri,
975 2293 1026 2329 non
1037 2279 1071 2329 ed
1081 2284 1264 2344 promissionem.

252 2353 320 2404 Alter
335 2355 420 2414 itaque
430 2350 583 2416 epostoiatris
596 2354 621 2400 et
633 2352 767 2402 ministerii
779 2350 851 2412 finis,
865 2354 890 2400 et
903 2353 994 2414 prioris
1011 2351 1142 2401 obtinendi
1160 2353 1263 2409 medinm,

222 2426 259 2471 est
270 2421 347 2471 fidam
360 2423 388 2472 in
402 2421 531 2470 Christum
547 2419 685 2483 praedicare
696 2425 721 2470 et
734 2433 880 2483 promovere
885 2439 893 2482 ς
907 2432 968 2476 seu.
984 2419 1102 2470 homines
1117 2421 1264 2472 addneeread
1296 2421 1297 2433 ¹

221 2490 349 2539 Christum
370 2491 414 2551 qui
432 2491 492 2546 eie,
509 2488 579 2546 odia,
595 2490 689 2538 veritos
702 2495 745 2539 est.

249 2559 323 2610 iuxta
342 2562 391 2610 iria
410 2559 453 2610 hir.
472 2558 504 2608 ab
523 2557 639 2622 Apostolo
659 2561 740 2619 taeta,
755 2571 829 2608 snam
845 2558 873 2607 in
887 2558 1059 2609 ministerium
1073 2559 1203 2610 introitum
1217 2569 1262 2609 ere·
1295 2581 1296 2615 t

220 2633 301 2683 minet
313 2632 428 2685 minister
441 2630 534 2682 Christi
544 2666 551 2689 ‚
563 2633 701 2692 paventque
715 2631 798 2681 omnis
812 2631 839 2678 in
853 2628 915 2678 iiiud
928 2629 974 2678 sna
989 2634 1078 2692 sponte
1091 2632 1209 2682 inermem

154 2743 157 2750 .
251 2701 384 2763 Seeundd,
401 2703 521 2751 suumin
540 2701 699 2762 ministerio,
715 2713 763 2750 serr
783 2699 958 2761 suscipiendo,
973 2711 1017 2747 seu
1039 2701 1188 2760 exercendo,
1200 2699 1260 2748 inem
1294 2721 1295 2752 t

207 2772 363 2832 ¹examinet,
383 2774 522 2832 poteratque
542 2770 625 2820 omnis
641 2771 686 2832 qui
704 2779 750 2820 sue
768 2767 915 2831 temporalia
931 2771 1020 2830 quaerit
1039 2770 1068 2820 in
1085 2768 1204 2832 spirituali
1221 2767 1259 2817 mi·

220 2842 323 2890 nisterio
339 2844 364 2890 et
379 2839 411 2888 ed
423 2845 516 2889 aeterne
529 2839 652 2889 ordinato.

249 2909 346 2966 Tertii.
358 2910 485 2958 examinet
496 2921 571 2957 suum
579 2907 756 2967 ministrandi,
767 2905 918 2969 vivendique
928 2905 1033 2957 modurn
1045 2925 1053 2956 ε
1064 2919 1099 2957 an
1111 2907 1143 2959 ad
1153 2907 1258 2959 christum

220 2974 351 3024 odoacare
369 2980 395 3025 et
412 2978 503 3038 paveat
523 2976 607 3025 omnis
627 2977 672 3038 qui
690 2976 846 3028 chritianos
868 2979 935 3041 ipsos
947 2975 963 3026 i
975 2975 1074 3029 Christo
1088 2979 1142 3028 auis
1156 2974 1258 3038 eorrupit

218 3043 331 3094 moribus
344 3047 444 3095 evertit.

248 3107 271 3154 2.
287 3103 412 3153 Timotheo
425 3103 573 3153 charissimo
583 3103 647 3166 filio.
660 3103 721 3154 ilde
733 3105 800 3160 dieta
814 3111 841 3158 in
852 3109 934 3172 primi
943 3107 1056 3172 epistole.

250 3173 357 3231 Gratia,
368 3173 572 3224 misericordie...
587 3173 647 3224 Vide
658 3178 683 3224 et
693 3175 761 3226 dieta
773 3178 800 3227 ln
813 3178 868 3229 hmo
881 3179 957 3228 verba
973 3178 1080 3228 ibidem.

247 3243 267 3295 0
291 3246 380 3294 votum
405 3241 522 3304 Aposioio
552 3243 611 3293 vere
635 3243 756 3308 digrrumi
778 3260 825 3298 suo
855 3247 1003 3298 charissimo
1029 3247 1082 3298 tilio
1106 3259 1157 3298 non
1176 3242 1256 3296 divitia!
1281 3277 1286 3290 ·

217 3315 317 3377 exoptat
323 3349 331 3382 ,
346 3323 394 3362 nee
412 3311 534 3374 honores,
544 3324 594 3363 neo
610 3315 756 3378 principum
766 3316 894 3379 iavorem;

249 3383 298 3436 sed
308 3384 415 3446 mutiam
428 3381 472 3432 liei
483 3418 491 3443 ‚
502 3383 553 3445 qui
564 3385 589 3432 et
600 3384 654 3446 ipse
668 3383 846 3446 sanotiiioeiuri
855 3383 978 3448 ampliis,
989 3386 1016 3435 et
1025 3383 1089 3436 aiios
1101 3382 1234 3436 eaoeiiieei·

248 3452 446 3526 Misericordiam
460 3451 697 3520 De1,queiiiiuset
712 3454 736 3502 ei
746 3453 904 3503 subditorum
919 3457 1022 3516 peecata
1033 3455 1212 3504 condonentur.

246 3523 336 3573 i'aoem
363 3522 423 3582 liei,
442 3533 487 3571 seu
510 3520 619 3583 Spiritris
643 3524 743 3582 saneti,
762 3523 812 3584 qud
829 3521 939 3584 repletus
961 3523 1110 3573 Timotheus
1132 3513 1256 3582 temporatia

217 3597 335 3655 spernet,
347 3592 379 3642 nd
390 3595 485 3642 aeterna
503 3592 612 3653 aspiret,
623 3591 801 3654 temporalium
812 3596 985 3654 contemptum
1005 3595 1031 3642 et
1044 3597 1192 3642 aeternorum
1200 3594 1256 3636 arti·

215 3673 271 3710 rom
284 3661 401 3712 omnibus
414 3661 468 3710 suis
482 3660 600 3721 inspiret.

246 3729 303 3780 iiao
314 3732 363 3780 tria
378 3729 465 3780 sibiet
480 3728 538 3780 aiiis
550 3731 650 3792 exoptet
659 3729 700 3780 rir
717 3729 878 3796 apostolicos.

246 3800 531 3915 {stertfflyia‘igesqmm
542 3865 661 3917 aiieetum
680 3866 837 3918 demonstrat
854 3879 901 3920 sue
914 3867 1063 3920 charissimo
1076 3867 1144 3930 tilio,
1160 3874 1202 3930 pro
1216 3865 1253 3922 i¹¹⁰

217 3938 273 3992 orat
292 3932 405 3994 asstdm,
416 3945 493 3998 quem
506 3939 531 3984 et
543 3935 629 3984 videre
639 3935 777 3996 desideret;
