2612 4542
196 277 198 280 ’
277 293 450 348 resenas
467 293 690 351 anensium.
710 298 793 353 cre.
812 301 869 354 111.
1051 303 1105 356 reo

64 381 313 451 perbiblnspbemi,
323 387 484 454 parentibus
506 389 652 450 parentibus
666 389 787 452 rebelles,
801 394 909 456 ingrati,
926 394 1015 458 impii,
1033 397 1060 444 et
1072 395 1104 446 ad

64 473 114 586 {terga
122 459 294 525 obedientes,
305 463 414 530 ingrati,
424 479 485 519 sce-
507 467 581 506 ⁰1111¹⁸
599 456 723 508 scelerum
743 471 822 524 genus
837 461 923 522 elusi,

63 583 65 588 ·
117 573 127 599 2

90 614 113 664 5.
127 610 188 666 Siue
198 613 482 684 affectionesinepa·
537 623 644 675 omnem
661 623 804 675 naturalem
819 625 938 678 affectum
954 631 1038 689 erud,
1056 629 1104 680 ioe-

63 687 297 756 oe,oriminat0res‚
307 693 484 748 incontinen-
505 690 604 754 dliragi,
613 692 817 755 calumniatores,
826 697 1034 756 concupiscentia
1046 699 1104 747 snb·

63 757 109 833 tes,
123 768 255 837 immites,
280 773 342 828 sing
355 773 483 842 benigni.
505 759 572 821 litt,
589 760 635 811 leri
654 765 680 812 ot
693 761 845 822 inhumani,
859 763 983 813 bonorum
996 776 1080 816 osores
1095 783 1101 812 ι

63 849 119 971 serf,
138 921 313 989 Proditores,
339 922 478 992 protervi,
533 924 673 977 Proditores
694 927 924 989 amicissimorum,
946 925 1102 992 petulantes,

84 1110 132 1162 liaec
143 1111 231 1174 olatio,
245 1126 291 1165 sen
304 1113 464 1179 lactuosltas,
481 1120 520 1168 est
531 1119 626 1180 species
637 1118 775 1180 superbla,
788 1119 839 1182 qua
853 1121 910 1182 quis
922 1118 979 1170 uult
991 1121 1102 1185 singula·

62 1181 110 1229 riter
118 1181 191 1232 uiden
201 1195 278 1246 supra
292 1195 397 1246 omnes,
410 1189 440 1235 ut
451 1185 526 1238 divus
537 1187 645 1238 'rhomes
655 1187 709 1238 hio.

85 1249 111 1298 bt
125 1250 175 1301 bec
186 1250 261 1302 elatio
272 1254 312 1303 est
329 1252 403 1304 lotus
418 1257 512 1306 amoris
523 1254 563 1306 sui
579 1257 672 1318 ipsius,
685 1255 832 1321 fructusque
848 1257 995 1310 divitiarum
1010 1258 1101 1322 qulbus

62 1316 153 1370 tbutltur
162 1332 232 1370 amor
243 1323 363 1386 proprius
373 1321 407 1374 atl
418 1323 512 1374 tastum
523 1361 531 1385 ,
544 1325 577 1376 ad
591 1324 694 1385 luxum,
708 1325 741 1374 ad
759 1338 862 1375 omnem
876 1329 1024 1378 ranimtem.

85 1399 181 1462 sepeli
191 1421 200 1452 .·
212 1412 304 1452 omues
318 1400 381 1452 allas
388 1437 396 1464 ,
407 1407 498 1466 preter
508 1403 643 1454 elationem
655 1403 841 1468 supradictam,
857 1405 967 1467 intellige
978 1409 1101 1470 superbia

62 1471 152 1529 spelm,
160 1481 184 1520 v.
196 1483 220 1532 g.
232 1471 321 1521 omnia
336 1472 384 1522 sibi
399 1475 521 1534 unquam
533 1473 615 1524 debita
628 1485 760 1535 arrogare,
772 1477 884 1539 seipsum
899 1477 1039 1537 estimare,
1054 1489 1102 1527 ces

62 1539 114 1588 toros
123 1541 294 1598 contemnere,
309 1539 469 1593 dominatum
480 1544 592 1605 ambire,
603 1543 696 1604 subiici
708 1543 784 1596 nolle.

85 1605 111 1655 Et
121 1607 159 1658 ilc
172 1610 209 1659 est
226 1607 432 1659 naturalisslmus
447 1609 577 1672 pbllnutiae
593 1610 675 1662 loetus.

84 1680 231 1744 blasphemi,
241 1685 269 1732 in
281 1683 371 1744 iteum,
381 1685 418 1732 alt
428 1681 458 1733 b.
469 1681 678 1745 Chrysostomns:
691 1689 734 1748 qul
744 1688 813 1737 enlm
824 1689 910 1737 contra
921 1687 1037 1739 homines
1048 1701 1101 1740 sese

63 1749 129 1809 enen,
140 1749 208 1802 facile
220 1753 249 1802 ln
260 1752 344 1802 Deum
355 1753 449 1815 impius
464 1756 510 1802 asi.
524 1753 593 1808 ldem
606 1755 798 1818 chrysostomus
809 1759 834 1805 ei
844 1756 1054 1820 Theophyluctus.

85 1817 124 1868 liii
133 1824 245 1882 uertunt,
259 1820 380 1872 maledici
391 1856 399 1880 ,
411 1821 595 1872 contumeliosi.

76 1885 128 2002 ¹1l'ox
140 1899 215 1952 greca
231 1893 372 1952 utrumqne
385 1888 510 1952 significat
523 1908 531 1940 c
544 1892 597 1941 slve
614 1893 642 1941 lu
654 1892 753 1954 baum,
771 1895 824 1943 slve
846 1895 873 1942 in
889 1891 1021 1943 hominem
1035 1893 1101 1944 blas·

63 1964 75 2015 p
89 1965 172 2012 cunin,
863 2017 864 2020 ,

63 2015 65 2018 ’
85 2023 139 2074 Ordo
153 2031 235 2078 nmen
248 2028 296 2078 hic
311 2026 438 2092 postulare
450 2027 550 2078 viteus
562 2030 592 2076 ut
602 2027 633 2078 do
643 2027 798 2090 blasphemia
810 2031 837 2078 ln
848 2029 928 2078 Deum
940 2028 1100 2090 intelligutur.

85 2098 251 2152 Potentibus...
264 2101 377 2163 intellige
388 2106 414 2151 et
426 2104 479 2150 suls
491 2101 661 2163 superioribus
671 2101 781 2151 rebelles.

63 2232 72 2282 I
85 2165 166 2286 Etim
175 2169 347 2220 inobedientia
357 2170 424 2221 sicut
435 2173 460 2219 et
468 2169 611 2232 precedens
623 2169 788 2234 blasphemia,
796 2173 856 2220 snut
864 2181 970 2221 summas
980 2170 1102 2233 superbie

71 2247 150 2290 rucus.
1068 2259 1069 2262 ¹

87 2309 186 2374 legenti,
198 2327 256 2377 erga
271 2313 353 2364 neum
364 2318 390 2364 et
401 2317 517 2378 parentes
529 2335 535 2364 ι
548 2314 597 2364 lroc
609 2315 722 2376 seqnitur
733 2326 763 2364 ex
774 2314 856 2364 dictis.

85 2376 126 2428 sco
136 2385 191 2432 nota
205 2383 277 2444 qnod
296 2385 388 2444 ingrati
408 2395 468 2433 cnm
487 2385 572 2446 impiis
587 2387 612 2432 et
624 2381 751 2434 sceleratis
761 2381 804 2433 hin
815 2379 964 2443 copulentur
972 2403 980 2445 ς
992 2383 1103 2448 hincque

64 2449 142 2507 conjice
152 2451 340 2514 ingratitudinis
351 2453 537 2502 enormitatem.

88 2521 187 2584 lebeti,
197 2526 223 2576 id
236 2529 292 2586 est,
301 2525 392 2576 nefarii
399 2545 407 2586 ς
416 2525 448 2575 ad
461 2537 536 2575 omno
547 2525 671 2576 scelerum
682 2537 761 2588 genus
772 2525 860 2586 effusi,
868 2527 912 2588 qul
924 2524 995 2578 nulla
1005 2529 1067 2577 recti
1079 2531 1103 2576 et

64 2593 127 2640 nnctl
139 2594 232 2644 ratione
244 2589 349 2656 habita,
364 2596 509 2656 perpetrant
522 2593 586 2643 foedu
599 2607 713 2656 quaque.

87 2657 137 2720 Syr:
145 2665 231 2725 uertit,
242 2665 332 2726 impii,
343 2662 459 2713 similitor
472 2668 499 2712 et
508 2663 696 2714 Ambrosianus.

87 2726 120 2777 Sic
129 2743 195 2783 amor
206 2733 245 2782 sui
257 2744 304 2796 par
312 2731 465 2796 snperbiam,
475 2734 640 2794 impietatem,
653 2731 849 2782 inobedientiam
859 2734 886 2780 et
898 2730 1104 2794 ingratitudinem

63 2793 147 2848 deuenit
159 2802 263 2853 tandem
278 2800 313 2852 sd
328 2801 498 2864 irreligionem
513 2807 538 2850 et
551 2800 583 2849 ud
597 2800 759 2850 athelsmum.

89 2879 107 2926 l.
120 2879 173 2932 Sine
186 2883 328 2946 effectione,
337 2882 381 2944 qul
397 2893 500 2934 ornnem
511 2879 653 2942 naturalem
663 2881 784 2931 allectum
796 2883 904 2942 exuunt,
916 2880 1035 2943 nulloque
1045 2885 1105 2932 tan.-

65 2950 141 3006 ¹iunior
147 2954 239 3002 amoris
247 2951 342 3002 ellectu
350 2953 427 3001 etlam
433 2963 491 3013 erga
499 2952 626 3014 proximos
636 2949 785 3002 naturaliter
792 2949 891 3020 abacos,
900 2962 926 2999 u.
936 2962 971 3012 g.,
979 2955 1104 3014 parentes,

65 3007 150 3078 llberos,
162 3026 296 3084 cognatos;
308 3023 379 3083 qnasi
392 3019 550 3078 insensibiles
563 3023 589 3070 'et
604 3020 715 3070 burbarl.

64 3089 140 3204 toel{ine
149 3105 222 3157 pecc,
234 3093 375 3160 toediiragl,
389 3094 497 3167 pertldl,
515 3106 575 3160 cum
588 3092 645 3150 allis
657 3091 762 3158 paclilcl
779 3094 864 3156 rivere
881 3097 1033 3158 nescientes,
1049 3097 1106 3146 sine

103 3167 147 3211 ere.
389 3169 391 3175 ⁴
658 3167 659 3172 ’

87 3223 244 3289 Potestetiom
261 3234 326 3292 verti
340 3230 524 3300 implacabiles,
536 3236 628 3304 quique
640 3231 704 3283 nulli
719 3221 915 3285 reconciliantur
928 3247 1050 3297 unquam.

90 3299 264 3357 diminutores.
275 3305 319 3356 Gr.
331 3305 437 3366 diaboli,
448 3307 476 3366 id
488 3310 540 3367 est,
552 3307 761 3374 calumniatores,
773 3319 818 3357 seu
832 3309 874 3368 qul
885 3307 1021 3369 proborum
1032 3308 1106 3356 inno·

65 3371 158 3421 tentiam
169 3377 222 3425 suis
234 3379 327 3426 vexent
341 3375 485 3426 calumniis.

89 3432 133 3487 doc
142 3439 307 3504 diabolicum,
321 3441 420 3508 hocque
435 3443 641 3494 cacodemonnm
654 3446 701 3492 est.

88 3503 252 3568 loenunencec‘
259 3508 269 3576 ,'
279 3509 306 3577 id
318 3520 356 3566 est
364 3506 541 3590 ,'volnptuosl,
553 3516 628 3581 gule,
646 3520 751 3581 uentre,
766 3518 815 3566 etc.

89 3574 139 3638 Sir-
149 3587 358 3648 coucupiscentia
368 3585 471 3638 subditi.

90 3649 244 3717 innitec,ld
257 3651 693 3724 est,lnbun1ani;terl,bestiar'nm
704 3669 784 3707 moro.
1019 3720 1022 3724 .
1126 3695 1129 3722 ,

92 3724 143 3776 Sine
154 3727 308 3795 benignitate.
321 3733 365 3787 Gr.
375 3735 455 3786 bonos
468 3746 520 3784 non
533 3737 656 3784 amantes.
671 3731 727 3795 Syr.
741 3740 824 3780 osores
838 3729 973 3784 bonorum.
1126 3731 1129 3744 ’
1229 3733 1233 3740 ’

90 3785 294 3865 Theopbylacius,
306 3806 389 3856 omnis
399 3803 460 3856 boni
470 3802 563 3853 hostes.

92 3873 113 3924 4.
124 3875 429 3944 Proditoree,aminorum
442 3887 468 3935 ot
480 3879 613 3935 sodalium.
1039 3935 1042 3941 ,

94 3945 201 4024 &oleret
208 3993 217 4028 ,
232 3958 258 4032 id
271 3963 325 4026 est,
337 3961 492 4036 precipites,
503 3959 630 4012 temerarii
641 3993 647 4020 ,
660 3957 814 4022 petulantes,
826 3967 953 4019 monacos.
