2612 4542
185 261 219 310 98
383 257 510 310 Pamin
530 252 732 310 saisinam
751 253 800 304 hl)
819 251 1050 307 transnanti

183 352 302 400 mmusin
312 349 596 413 henmsempervirum
606 385 613 409 ,
624 346 779 410 quiquidem
803 347 927 403 Salvator
938 347 1063 402 omnium
1077 345 1242 413 hommum,

184 419 442 469 omniurnhominnm
452 419 560 470 salvator
571 422 622 479 est,
635 421 663 467 at
670 418 780 466 maxime
802 427 922 480 maximp
934 425 1067 480 fidelium,

184 487 296 540 ddeiium
312 487 419 552 (qulbus
434 491 527 540 eterna
544 489 648 554 praemia
665 488 780 552 promisit

185 561 211 607 ct
221 555 339 620 largietur
350 556 369 621 ).

214 627 272 676 iiaee
287 628 373 677 omnia
398 627 545 690 supradicta
566 625 639 690 (licet
660 626 780 686 iuuenis,
838 622 884 674 rt.
897 619 1021 688 Praecipe
1032 617 1094 672 haec
1105 624 1134 673 et
1146 619 1229 673 doce.

184 699 269 744 nmen
286 697 314 744 ut
325 693 470 757 episcopus)
483 707 542 744 enm
551 695 698 743 auctoritate
709 693 780 753 doce,

215 777 342 828 Utautem
357 780 520 839 iuventutem
535 781 608 827 tuam
628 789 703 828 nemo
719 791 782 828 eon·
837 769 884 821 12·
909 768 995 820 Nemo
1030 767 1246 820 adolescentiam

186 850 297 908 temnat,
310 852 363 897 esto
378 845 491 898 tidelium
502 844 629 908 exemplar
642 848 669 897 in
688 858 783 898 sermo
804 852 882 902 tuam
890 851 1054 900 contemnat
1067 862 1074 898 ε
1088 845 1140 898 sed
1157 859 1248 898 exem·

186 914 261 965 nibus
275 918 362 976 seriis,
375 917 403 964 in
420 917 492 966 suavi
509 915 676 966 conversandi
688 915 782 979 modo,
804 924 951 990 plumesce,
962 922 1095 986 fidetium,
1105 921 1136 973 in
1150 921 1245 982 verbo,

187 987 213 1034 in
225 984 363 1045 charitato,
376 985 403 1034 in
416 984 482 1045 tide,
494 986 521 1034 in
530 987 653 1036 castitate.
805 1001 835 1054 in
858 999 1086 1062 conversatione,
1106 999 1137 1051 pn
1161 997 1248 1052 chari.

806 1083 876 1144 tate,
885 1077 915 1130 in
927 1077 996 1143 tide,
1010 1075 1040 1128 in
1054 1075 1192 1133 castitate.

217 1147 299 1208 Usque
310 1147 373 1197 dum
387 1150 490 1198 reniam
505 1147 537 1198 ad
549 1149 712 1210 te,sedulam
723 1162 783 1217 ope-
842 1158 888 1208 15.
910 1155 982 1206 lium
1012 1152 1113 1216 venio,
1137 1150 1247 1204 attende

187 1227 242 1264 rarn
253 1218 357 1298 naratin
368 1215 479 1278 legendis
494 1219 573 1267 sacris
588 1218 743 1300 scripturis,
756 1223 784 1270 in
806 1233 929 1300 lectioni,
943 1229 1128 1286 exhortationi
1141 1236 1169 1284 et
1181 1231 1247 1284 doc·

187 1283 346 1334 exhortandis
357 1290 382 1336 et
394 1284 513 1335 docendis
529 1284 656 1337 iidehhns
808 1312 897 1366 pfjnae,

217 1502 263 1552 Pro
279 1505 371 1552 aterna
388 1504 440 1552 vita
454 1503 640 1566 comparanto,
653 1502 720 1564 iliis,
734 1499 859 1565 quantdrn
872 1503 911 1551 est
931 1512 961 1551 ex
976 1515 1016 1562 sa,
1037 1501 1122 1552 media
1134 1501 1246 1561 ethhct,

189 1572 280 1634 quibus
290 1609 297 1631 ,
308 1573 330 1621 si
339 1571 431 1632 velint,
441 1575 537 1634 possint
549 1571 650 1622 salvari.

219 1647 268 1696 Sed
278 1644 387 1695 muniuit
396 1646 521 1708 fidetium.

217 1716 263 1766 iiic
278 1715 419 1778 specialiter
432 1717 468 1764 eis
479 1714 626 1778 providens,
643 1718 680 1766 eis
692 1715 834 1779 specialiter
846 1717 972 1768 attentus·

217 1793 279 1840 Eece
289 1789 357 1840 oculi
369 1791 472 1839 Domini
486 1804 562 1853 super
576 1792 715 1840 timentes...
731 1797 753 1839 et
763 1790 791 1838 iu
803 1802 844 1840 eos
855 1791 900 1852 qut
909 1793 1040 1852 speram...
1052 1787 1119 1838 Psai.
1128 1792 1168 1840 32.
1182 1792 1220 1840 iti.

217 1859 267 1908 Eos
277 1857 417 1921 specialiter
435 1857 533 1920 diligit3
545 1871 587 1909 eos
602 1861 629 1908 in
643 1858 823 1909 aiilieticnihus
842 1869 887 1921 per
905 1858 1018 1907 internas
1032 1859 1127 1918 gratias
1140 1857 1245 1915 sciatur.

187 1930 294 1979 sustinet
307 1933 333 1979 et
345 1929 418 1990 erigit
433 1932 585 1978 aetemorum
598 1940 651 1991 spe.

219 2005 281 2054 Cum
292 2003 348 2066 ipso
361 2017 419 2053 sum
429 2005 457 2053 tu
469 2002 640 2054 tribulatione.

218 2073 251 2122 ht
263 2084 308 2135 pro
320 2070 406 2123 lutura
416 2074 469 2122 rita
480 2071 589 2123 memmi
599 2071 714 2136 fidetium
728 2071 847 2122 Salvator
858 2071 912 2131 est;
924 2071 960 2120 cis
976 2071 1044 2120 enim
1060 2068 1139 2119 iidem
1152 2108 1159 2131 ,
1172 2082 1247 2132 spem,

188 2143 308 2202 gratiam,
320 2143 433 2202 proxima
445 2140 533 2191 salutis
549 2139 641 2190 auxilia
657 2153 727 2188 nune
745 2139 862 2188 conierts
879 2141 904 2187 et
916 2137 1001 2187 reveri
1022 2136 1159 2200 aliquando
1171 2138 1247 2188 salra-

190 2211 226 2259 hit
239 2209 297 2260 rere
313 2209 398 2260 ddeies
409 2246 416 2271 ‚
427 2210 453 2259 id
465 2214 519 2270 est,
530 2212 575 2272 qui
587 2213 615 2259 in
626 2208 677 2258 tide
693 2222 737 2271 per
749 2208 910 2258 dilectionem
922 2213 1041 2270 operante
1051 2213 1222 2270 perseverant.

222 2301 260 2347 ti.
272 2298 386 2359 Proeeipe
400 2296 450 2346 hoec
464 2302 487 2346 et
503 2297 576 2354 dece,
590 2296 703 2356 scilicet,
719 2298 749 2345 ut
767 2296 795 2344 in
811 2297 903 2358 pietate
916 2297 1094 2356 exerceantur,
1108 2301 1138 2346 ut
1153 2307 1247 2358 exspec-

189 2371 244 2417 tent
255 2367 500 2426 remunerationem,
515 2370 543 2415 ut
556 2365 732 2427 agonothetam
747 2367 891 2429 respiciant.
904 2365 1082 2415 ‘theodoretus

221 2433 265 2484 Vel
275 2472 281 2494 ,
293 2435 379 2483 omnia
394 2433 510 2495 superius
521 2435 588 2485 dicta
600 2435 722 2497 praecipe,
734 2437 759 2482 et
770 2433 952 2494 iicettuvenis‚
968 2437 1054 2483 tamen
1066 2438 1096 2483 ut
1112 2436 1246 2500 episcopus,

189 2516 247 2554 cum
258 2505 407 2554 anctoritate
417 2503 492 2563 doce,
505 2515 550 2552 seu
560 2504 707 2566 precipiens
719 2501 793 2553 doce.

221 2595 259 2643 rt.
275 2593 351 2644 Neruo
360 2591 580 2642 adolescentiam...
590 2590 633 2642 Gr.
647 2593 814 2652 juventutem.

223 2663 326 2722 Nattae,
341 2665 401 2712 aetas
413 2664 535 2713 senectuti
549 2663 671 2725 opposita.

219 2733 291 2782 Tunc
307 2731 445 2794 presbyteri
457 2730 515 2780 vere
528 2733 600 2779 erant
612 2730 750 2794 presbyteri
761 2767 768 2790 ,
780 2743 824 2780 sen
840 2743 929 2790 senes,
942 2734 967 2780 et
979 2733 1057 2781 atatis
1073 2737 1206 2794 prosecta.

219 2803 283 2864 Qiria
297 2800 358 2851 terh
369 2801 516 2851 Timotheus
525 2805 585 2850 ante
600 2799 700 2851 solitam
715 2804 831 2860 etatem,
844 2799 939 2862 Spiritu
948 2807 1035 2850 sancto
1046 2803 1190 2864 revelante,
1200 2803 1246 2852 iac-

189 2875 230 2922 tus
241 2871 323 2920 iucrut
335 2873 482 2937 episcopus;
494 2870 555 2920 hIne
566 2868 640 2919 iilum
652 2875 757 2930 monet,
773 2874 802 2919 ut
815 2881 917 2920 morum
928 2873 1048 2932 grauitate
1061 2872 1178 2935 suppleat
1187 2869 1245 2934 quod

190 2943 274 2988 decrat
284 2941 360 2988 otiati.

219 3007 295 3067 Quasi
314 3006 409 3058 diceret
421 3027 428 3057 ε
441 3007 473 3057 Ut
481 3009 641 3067 iuventutern
653 3010 723 3057 tuam
735 3019 811 3060 nenio
826 3012 928 3070 spernat
937 3007 946 3072 t
955 3012 1009 3058 erat
1023 3011 1111 3058 autem
1126 3022 1245 3060 annorum

190 3077 288 3193 efflet
303 3076 424 3136 triginta,
438 3077 474 3124 ait
485 3074 616 3124 Cornelins
631 3077 646 3124 a
659 3074 788 3138 Lepide),
801 3075 845 3125 sed
860 3082 889 3125 nt
906 3089 994 3126 omnes
1012 3081 1037 3126 te
1048 3083 1193 3128 reverenter
1205 3091 1245 3126 au·

219 3217 368 3280 Exemplum
383 3223 432 3268 esto
451 3218 583 3281 fidetium,
600 3221 652 3268 esto
667 3219 782 3268 ddeiihus
793 3217 919 3281 exemplar
929 3221 996 3269 viia.

220 3295 250 3344 tu
259 3292 353 3351 umbo,
367 3305 495 3342 sermones
507 3295 544 3342 tui
556 3295 607 3342 sint
617 3306 704 3355 graves
715 3297 740 3344 et
751 3295 819 3344 serii.
962 3301 964 3305 ’

220 3366 488 3425 reconsecrationem
499 3371 549 3428 est,
560 3371 604 3417 tua
613 3381 673 3418 curn
679 3369 799 3431 proximis
807 3369 964 3418 conversatio
972 3369 1056 3417 suavis
1063 3371 1089 3418 et
1097 3369 1201 3420 honesta
1209 3370 1242 3420 sit.

221 3445 249 3491 in
268 3441 406 3498 charitate,
418 3443 446 3490 tu
456 3441 519 3503 tide,
532 3443 560 3490 iu
577 3443 689 3492 castitate
698 3462 707 3492 .-
716 3446 760 3491 tna
772 3453 830 3503 erga
850 3453 892 3491 eos
905 3441 1014 3491 charitas
1025 3441 1161 3494 aiiectuosa
1177 3441 1242 3493 simui

191 3517 212 3558 ci
227 3510 329 3571 cidens,
343 3514 388 3560 tua
399 3509 460 3559 iides
472 3512 569 3560 sincera
578 3547 585 3569 ,
594 3512 646 3559 vita
658 3523 721 3572 pura
739 3514 764 3559 et
780 3513 858 3560 casta.

220 3579 287 3628 ictis
300 3579 344 3628 iiia
353 3582 473 3640 juventus
490 3590 546 3640 quas
559 3581 694 3629 senectutis
707 3579 844 3628 virtutihus
859 3577 1009 3628 decoratur!

192 3723 207 3772 S
223 3654 336 3771 Seuietsus
348 3651 499 3702 venerabilis
512 3658 547 3702 est
555 3666 605 3702 nou
616 3653 769 3703 diuturno...
784 3653 841 3702 curti
852 3659 936 3703 caten
949 3658 1008 3702 suut
1017 3666 1103 3702 sensus
1115 3653 1242 3704 hominis...

208 3735 249 3784 ap.
281 3755 289 3770 .
317 3753 325 3771 .

229 3811 265 3858 iii.
278 3808 439 3867 Dumoeuto,
452 3811 547 3859 attende
560 3809 687 3860 lectioni...

227 3877 307 3938 Usque
326 3876 388 3926 dum
398 3881 515 3940 ueniam,
529 3883 554 3930 et
570 3882 596 3930 ie
606 3878 706 3945 plenius
723 3880 847 3936 instruatu
859 3915 868 3940 ,
879 3881 932 3930 estc
946 3877 1048 3931 sedulus
1060 3882 1087 3930 in
1099 3879 1202 3932 lectione
1211 3889 1238 3927 sa·

197 3957 297 3994 crurum
311 3943 505 4006 scripturarum.
