2670 4542
300 269 472 326 nntrnnx
489 269 717 331 nxrosltlor
735 275 815 334 uir.
835 281 875 336 11.
1079 284 1115 337 09

97 367 120 416 9.
130 359 259 418 Similiter
278 371 306 419 et
325 367 456 420 mulieres
467 365 496 420 iu
550 367 671 421 Similiter
683 371 779 434 predari
790 371 847 424 volo
860 372 1114 426 muliereslnhrbttu

70 442 149 494 rantra
161 447 271 510 ornato,
284 455 497 500 oumverecanu
519 437 616 500 munao
627 436 777 502 erumna,
792 441 836 502 qur
846 439 969 503 sudorem
983 441 1115 490 ramore

69 519 104 568 dia
115 525 139 571 et
151 519 303 574 sobrietate
314 527 445 576 ornantes
454 534 494 587 se,
518 505 580 553 ”lm
601 505 726 588 ‘melli
741 513 793 558 ¹¹⁰⁰
809 511 868 560 “¹¹⁰¹
880 510 967 569 ²⁰ffi⁸0
984 521 1030 560 ⁸0¹¹
1046 508 1114 590 ⁰⁸¹⁸?

69 604 89 646 ot
99 609 149 648 non
159 594 188 650 iu
200 597 284 651 tortis
298 597 422 654 crinibus
432 605 496 666 ,aut
518 575 642 704 ffiffi
656 575 833 702 maanes}
847 578 988 708 ffignffl
999 580 1115 697 {zm}

518 710 619 762 indutas
629 731 638 771 ;

30 715 33 724 ,
68 685 141 736 auro,
169 679 218 726 aut
249 675 423 743 margaritis,
451 676 495 732 vel

68 752 281 818 vestepretiosa:

93 832 131 879 10.
145 829 199 882 Sed
212 831 294 897 quod
304 831 387 885 doeet
400 831 496 887 mutie-
548 840 596 892 Sed
606 841 679 892 bonis
690 841 825 905 operibus.
836 843 903 892 siout
915 842 987 892 docet
995 841 1113 892 mulieres

68 917 115 966 res,
138 905 333 1039 ρωωὲἓοῃῑοε
364 908 500 975 pietatem
518 912 638 976 pietatem
652 913 791 976 protessus,
805 923 850 962 seu
865 910 1023 962 oltristianus.
1076 947 1078 952 .

67 995 196 1049 aaronem
250 996 299 1037 na.

88 1179 155 1229 divus
166 1179 378 1242 chrysostomus,
388 1181 598 1247 theophylactus,
608 1186 794 1242 Theodoretus.
806 1189 887 1238 versio
899 1186 1014 1246 arabiae,
1022 1186 1112 1236 ethio-

65 1250 121 1307 olea,
133 1253 178 1300 eie.
192 1253 396 1314 interpretantur
407 1251 571 1304 diffidentiam
583 1291 591 1316 ,
605 1254 802 1306 haesitationem.

87 1315 163 1369 Glossa
173 1321 253 1370 etiam
267 1319 339 1389 apud
353 1319 383 1372 D.
398 1319 521 1370 Thomam
535 1341 542 1369 ι
556 1328 584 1371 ut
603 1335 656 1372 non
678 1323 835 1385 disputemus
852 1325 940 1374 eontra
960 1322 1057 1384 Deum,
1072 1326 1111 1374 in-

67 1385 144 1436 ereduli
152 1388 235 1438 verbis
248 1391 316 1450 ejus.

88 1453 177 1506 Grotius
187 1459 267 1508 etiam
281 1475 290 1506 a
302 1457 354 1507 dno
363 1460 424 1507 sunt
435 1469 492 1519 qum
505 1459 614 1510 maximi
622 1471 708 1522 praeeo
720 1460 770 1510 lieo
785 1462 895 1522 ingratas
907 1459 1109 1518 iaciunt.odiorn

68 1521 166 1574 sirenus
176 1523 300 1585 iratrem‚
317 1526 384 1587 quod
396 1526 442 1576 hle
461 1528 526 1578 iram
543 1528 623 1590 dixit,
638 1533 663 1578 et
676 1529 859 1580 dubitationem
869 1529 900 1580 de
913 1528 957 1579 liei
972 1531 1109 1594 promissis.

88 1591 114 1639 lli
123 1605 207 1644 omnes
221 1595 318 1644 volunt
331 1594 399 1656 quod
412 1607 514 1646 oremus
528 1599 584 1648 sine
595 1597 653 1648 odio
671 1601 699 1648 ln
719 1597 841 1659 fratrem,
856 1602 882 1650 et
898 1600 953 1650 elne
973 1597 1108 1648 diffidentia

67 1661 186 1778 Εὓειιως
202 1664 248 1714 sed
262 1676 326 1715 oum
342 1663 452 1726 flduoitt,
463 1667 535 1726 juxto
545 1665 574 1718 D.
586 1668 673 1719 leoob.
690 1675 700 1720 1
714 1689 723 1720 a
735 1669 848 1722 Poatoiet
863 1671 890 1720 io
903 1667 1027 1732 fidenilil
1037 1668 1109 1718 laert-

85 1744 115 1780 nr.

89 1822 108 1867 ti.
119 1821 239 1874 similitor
251 1831 277 1874 et
286 1824 413 1875 muliera.

88 1888 203 1948 Quomodo
214 1895 330 1944 orabunt
346 1894 485 1945 mulieres?

88 1957 199 2010 Similiter
212 1963 318 2024 precari
331 1962 388 2011 volo
397 1999 404 2023 ‚
414 1965 484 2024 puris
493 1964 612 2013 manibus
624 2000 630 2023 ‚
642 1967 698 2014 sine
708 1964 764 2014 odio
775 1967 801 2014 et
816 1963 993 2025 disputatione.

87 2026 127 2077 Sed
139 2033 227 2092 preter
243 2032 320 2090 hmo,
332 2033 394 2081 viris
412 2035 438 2080 et
448 2032 597 2082 mulieribus
608 2033 769 2091 eommunia,

87 2093 137 2146 ido
152 2101 181 2148 ut
194 2099 305 2150 honeste
318 2103 344 2150 et
354 2097 465 2150 modeste
477 2102 528 2151 sint
543 2104 647 2151 ornain.

87 2164 165 2228 Syrus,
175 2169 203 2218 ln
220 2168 316 2218 ltabitu
329 2170 398 2218 oasto
412 2168 574 2227 vestimenti,
590 2179 650 2216 oum
667 2166 821 2217 vererundld
838 2169 864 2216 et
879 2167 999 2230 pudioltiai
1020 2170 1053 2216 sit
1066 2181 1108 2218 or-

65 2237 125 2284 natus
137 2249 232 2287 earum.

86 2301 251 2356 lmulleribus
269 2308 383 2356 removet
400 2307 462 2355 vitia
471 2305 603 2357 muliebria
616 2325 623 2356 r
634 2307 758 2369 plerasque
768 2307 837 2356 enim
845 2309 951 2367 pereunt
959 2308 1039 2356 nimio
1053 2319 1108 2358 eor·

65 2373 117 2426 roris
127 2379 213 2424 omatn
231 2393 239 2426 r
262 2373 321 2424 volt
332 2374 449 2425 habiturn
459 2375 561 2426 illarum
572 2375 698 2425 mundum
710 2373 813 2436 quidem
826 2387 879 2424 esso
889 2409 896 2435 ,
908 2373 951 2424 sed
968 2374 1107 2428 nonluxu-

66 2438 155 2490 dantem
164 2478 172 2502 ,
182 2443 226 2492 sod
235 2444 284 2505 qni
299 2444 440 2493 uastitatem
451 2443 570 2493 redoleat.

88 2523 111 2569 In
125 2523 218 2575 tobim.
240 2525 289 2575 Gr.
305 2523 618 2582 1νκαταστολη,1υηίοαηι
639 2525 750 2586 trudique
771 2525 921 2582 honesturn,
942 2526 1085 2584 compositu
1101 2541 1105 2569 t

67 2591 189 2648 siguificare
203 2595 304 2654 voluit,
316 2596 353 2644 ait
360 2593 390 2643 1).
404 2593 493 2658 chrys.

87 2658 194 2714 llabltum
204 2663 349 2726 longiorem
360 2663 438 2723 dicit,
453 2663 501 2712 hoe
517 2667 554 2712 est
565 2700 572 2721 ,
584 2667 613 2712 ut
624 2663 735 2722 undique
746 2663 885 2710 vestiantur
896 2663 922 2708 ot
932 2662 1105 2720 contegantur,

66 2731 84 2772 tt
93 2740 120 2778 ne
131 2732 293 2794 impudenter
307 2731 464 2793 detegantur.
476 2729 685 2792 l'lreoplrylaotus.

91 2812 181 2866 denoto.
193 2817 240 2866 Per
255 2819 376 2866 ornatum
392 2825 444 2864 non
458 2812 575 2874 intelligit
585 2814 747 2874 exquisitum,
759 2809 802 2860 sed
811 2807 978 2859 moderatum.
987 2807 1016 2856 D.
1025 2808 1107 2869 Chry-

67 2885 183 3003 ruffin&
196 2905 286 3017 ltaque
302 2951 404 3003 illarum
419 2953 453 3001 sit
466 2951 577 3001 mundus
588 2987 595 3011 ,
607 2951 635 2999 ld
647 2955 700 3009 eet,
715 2947 842 2998 modestus
855 2950 880 2996 et
892 2945 991 2996 deoens.

90 3025 141 3075 Cum
154 3028 306 3078 omerundid
322 3033 345 3076 et
359 3026 492 3098 sobrietate
505 3030 619 3093 ornantes
635 3037 668 3073 se.
681 3022 764 3071 Pudor
777 3025 802 3068 et
813 3021 933 3070 modestia
944 3022 994 3069 sint
1005 3020 1105 3070 illarum

68 3100 227 3225 mrl'ffrliloeigtltur
240 3162 362 3214 mulieres
382 3173 455 3212 orare
471 3159 599 3211 inhabito
618 3159 747 3218 modesto,
763 3159 806 3218 qui
822 3157 979 3207 honestatem
995 3160 1019 3206 at
1032 3159 1106 3205 oesti-

67 3228 128 3278 tatem
146 3232 264 3283 redoleat.

89 3295 128 3345 Sed
137 3313 184 3348 oon
193 3302 222 3350 io
233 3303 321 3358 tortas,
336 3310 380 3348 seu
398 3298 574 3348 calamistratis
588 3294 696 3358 capillis.
712 3291 766 3343 Non
778 3306 804 3344 se
817 3298 927 3344 comant.

55 3403 58 3413 .
90 3370 135 3418 Noa
150 3375 174 3422 r'n
190 3388 257 3426 euro
259 3407 350 3424 .........
363 3373 414 3422 Neo
430 3384 522 3421 aurum
532 3406 540 3430 ‚
552 3382 599 3418 neo
610 3369 759 3429 margaritas
769 3371 878 3428 gestent,
891 3377 937 3414 neo
948 3365 1063 3426 pretiosis
1075 3376 1106 3412 ao

67 3437 185 3494 splendidis
194 3443 308 3493 vestibus
324 3441 472 3491 induantur.

94 3527 124 3574 10.
138 3528 267 3592 sedquod
281 3529 345 3578 decet
355 3527 472 3576 murteo
474 3559 522 3575 .....
1061 3565 1062 3569 ,

90 3592 131 3642 Stil
144 3595 217 3648 bonis
237 3597 355 3661 operibus
375 3597 563 3654 ornatae,siout
576 3593 648 3644 deest
661 3591 779 3642 mulieres
794 3589 913 3652 pietatem
932 3585 1068 3649 protessus,
1080 3586 1106 3636 id

68 3661 276 3786 mii'effgfflst·
287 3731 406 3784 mulieres
423 3731 584 3794 prolitentes,
597 3741 649 3780 nou
662 3727 747 3790 lingui
765 3723 880 3782 tantum,
894 3723 937 3775 sed
952 3729 977 3775 et
990 3723 1105 3786 operibus

67 3793 279 3864 ronrs‚pretatom.

92 3882 287 3940 Orsenvarrorrs
305 3899 427 3939 nonanes.
444 3911 476 3925 -
497 3885 589 3938 Contra
614 3882 704 3934 lorum
718 3879 855 3933 nurliorum
876 3881 904 3930 in
923 3879 1031 3946 templo,
1047 3878 1106 3930 vido
1130 3947 1134 3953 Ι

69 3946 91 3998 li.
104 3949 221 4006 loannem
232 3954 437 4018 corysostomum
448 3953 493 4002 hle
509 3971 515 4003 a
