2670 4542
303 271 739 370 'anrrssxsxeosrrm
758 293 915 372 sinin.
959 335 963 342 .
1124 321 1160 376 ss

123 400 169 453 ii.
191 399 323 456 Mulieres
346 403 471 460 similiter
486 419 538 472 pu·
554 469 556 474 ,
591 407 630 460 Sic
643 412 720 460 etiam
731 415 828 474 oportet
838 415 867 463 ut
877 409 996 464 mulieres
1005 425 1158 465 commeas-

93 472 180 540 dicas‚
193 491 254 530 non
273 478 468 547 detrahentes,
489 497 537 538 30.
559 477 591 525 tce
613 479 666 526 siut
689 482 714 528 et
736 492 841 540 graves,
862 493 914 530 uon
936 481 1155 543 calumniatricem

90 551 180 618 brias,
195 555 295 610 fideles
308 558 337 610 in
348 561 489 615 omnibus.
559 543 664 607 ⁸⁰b¹³ffir
676 558 722 608 W
735 549 822 596 ⁰¹¹¹¹¹¹³
836 546 930 598 fideles·

122 635 168 685 m.
182 633 538 694 niacontsinrunrusuxo-
588 632 692 684 praeoni
715 637 767 686 sinc
791 641 934 700 monogami
953 640 997 702 cur
1014 637 1079 692 uros
1097 653 1159 693 suos

92 705 128 758 ris
149 707 223 772 viri,
237 709 287 774 qui
302 710 372 782 vfiffig
389 713 448 766 ,uis
464 715 536 768 bene
561 714 683 766 suamque
697 702 803 756 domum
813 705 879 756 hene
891 711 1019 758 rexerints

90 785 227 850 presius,
241 791 270 839 et
288 787 347 840 suis
360 788 502 843 domibus.

119 865 165 914 i5.
179 863 235 924 Qui
257 863 333 917 onim
351 865 423 920 bene
436 867 536 920 minis·
588 865 635 928 Qui
645 867 963 922 euimdisconatdsotiicio
974 871 1022 924 rite
1030 874 1155 937 periuncti

88 941 470 1008 prayerpnpgmdumponum
482 945 535 999 sibi
558 932 669 995 inerint,
691 935 825 988 honestam
845 939 916 988 riam
939 938 988 988 sihi
1013 945 1105 1002 paraui
1123 943 1156 992 ad

88 1017 251 1085 acquirent,
272 1025 301 1072 et
323 1021 441 1076 multam
460 1023 534 1077 fidu,
556 1002 673 1054 altiorem
681 1003 804 1066 madum,
818 1004 976 1068 multamque
991 1009 1038 1057 sibi
1052 1011 1156 1072 pariunt

88 1095 159 1148 ciam
171 1096 204 1149 in
213 1097 270 1151 fide
279 1109 345 1166 (μω
354 1103 397 1152 0⁸3
406 1099 435 1152 in
443 1101 535 1155 Chris·
557 1071 619 1122 siios
629 1109 636 1134 ,
646 1074 718 1133 iuxta
733 1072 828 1125 christi
842 1074 933 1137 tidem,
947 1077 1054 1128 docendi
1065 1083 1090 1130 et
1101 1091 1157 1130 mo.

88 1177 211 1229 ropesu,
556 1143 634 1194 uendi
647 1143 835 1196 couhdentism.

85 1285 1148 1315 Μ

108 1357 150 1408 iic
161 1360 328 1412 ordinatione
340 1373 391 1412 non
401 1360 519 1423 loquitur
532 1357 679 1422 Apostolus,
690 1361 751 1422 quia
762 1359 893 1411 Timotheo
906 1362 983 1419 nott.
994 1368 1050 1413 tum
1061 1377 1091 1414 er
1108 1379 1154 1422 soa

88 1427 266 1490 ordinatione,
286 1433 346 1480 tum
363 1441 394 1481 ex
411 1428 571 1480 ordinatione
587 1432 683 1490 septem
698 1431 840 1490 primorum
857 1428 1022 1482 diaconorum
1041 1445 1085 1496 per
1100 1446 1154 1490 rna·

88 1507 171 1548 nuum
190 1498 400 1561 impositionem,
414 1497 445 1548 de
462 1497 513 1559 qus
529 1496 589 1545 Act.
605 1499 630 1545 6.

117 1582 154 1630 ti.
168 1581 287 1632 linlieres
295 1580 561 1644 similiterporiicoa...

115 1649 144 1698 b.
160 1650 378 1712 chrysostomus,
392 1655 420 1700 et
437 1653 570 1714 postcom
589 1645 633 1699 alit
652 1648 745 1712 Greci,
757 1650 809 1702 imb
821 1652 847 1702 et
862 1653 1011 1705 vetustiores
1026 1652 1108 1704 Latini
1128 1655 1154 1704 id

88 1718 230 1782 intelligunt
241 1719 273 1770 de
286 1719 447 1770 diaconissis.

115 1789 199 1840 Erant
211 1791 282 1840 enim
298 1790 326 1839 in
343 1789 473 1852 primilivi
485 1787 595 1840 Ecclesid
606 1787 707 1841 femine
719 1790 834 1853 quedam
848 1792 924 1842 certis
937 1791 1089 1856 quibusdam
1101 1797 1153 1844 mi.-

88 1859 203 1909 uisteriis
211 1859 350 1924 deputstae,
361 1871 470 1920 quarum
479 1857 548 1920 siim,
558 1861 672 1920 iuniores
681 1858 786 1922 scilicet,
796 1859 953 1920 diaconissae;
966 1861 1021 1914 ciis
1032 1865 1151 1921 seniores,

89 1927 240 1990 presbyterae
257 1927 425 1989 dicebantur;
443 1928 579 1990 dequibus
592 1940 649 1989 cap.
661 1929 690 1988 5,
701 1939 729 1977 n.
742 1931 770 1978 a.

116 1996 206 2048 Petrus
221 1995 398 2056 Lomhsrdus,
412 1995 442 2046 ii.
455 1996 565 2046 Thomas
578 1997 604 2044 et
614 1997 734 2045 neoterici
750 1995 818 2046 istud
829 1996 973 2060 intelligunt
986 1998 1018 2048 dc
1032 1999 1152 2050 uxoribus

88 2063 252 2117 diaconorum
264 2102 272 2128 ,
285 2077 331 2116 sen
345 2077 408 2128 quas
417 2064 544 2116 habehant
554 2067 614 2112 ante
625 2075 698 2112 suam
712 2064 905 2125 ordinationem,
917 2071 943 2115 et
955 2068 970 2116 a
982 2080 1090 2129 quarum
1104 2081 1151 2118 usu

90 2131 147 2186 licet
164 2137 336 2196 abstinerent,
354 2147 418 2186 cum
438 2137 475 2186 eis
491 2137 579 2184 tamen
592 2131 774 2194 morabantur,
791 2145 825 2184 ne
836 2133 852 2184 h
862 2135 924 2185 viris
934 2139 1071 2199 separatas,
1084 2135 1152 2188 isbe-

90 2209 176 2256 rentur
191 2208 219 2256 iu
238 2207 386 2269 peccatum.

111 2271 913 2337 SicuisutemvoiuitApostolusutepiscopifamiliasitiiiihots;
923 2274 1151 2328 rtsvuitutetom

94 2341 1148 2406 sonorumuxoresettillisintheuemorigeri=quiaexvltauxorispeudstiamavirh

116 2417 186 2502 Quod
199 2421 288 2468 autem
306 2416 338 2468 dc
351 2417 517 2468 diaconorum
529 2415 648 2467 uxoribus
663 2415 742 2477 dicit,
760 2417 786 2466 id
799 2421 824 2469 et
835 2417 867 2468 de
875 2419 1078 2483 presbyterorum
1089 2431 1150 2470 con-

86 2487 170 2608 1⁰32?
172 2489 252 2620 ἓξὲξ
252 2487 379 2608 meres
395 2561 493 2621 oportet
510 2568 566 2608 essa
584 2554 704 2620 pudicos,
721 2556 950 2616 connectentes,
965 2570 1011 2608 seu
1027 2557 1150 2612 obtrecte-

88 2629 174 2689 trices,
189 2627 293 2679 sobrios
303 2631 329 2678 et
337 2626 484 2690 vigilantes,
496 2627 632 2692 νηφαλίους,
648 2625 745 2690 fideles,
761 2625 876 2688 nihilque
887 2626 1071 2679 defraudantes.

120 2725 157 2773 te.
170 2723 281 2773 moroni
294 2723 344 2774 sint
360 2723 435 2773 oniae
449 2725 538 2772 seceris
552 2724 613 2776 oiri.

116 2787 143 2839 id
155 2789 350 2852 intelligendum
365 2789 454 2840 eodem
468 2790 543 2841 modo
559 2805 609 2854 quo
627 2789 705 2858 sopri
720 2789 753 2842 de
770 2791 887 2857 eptscopo
900 2787 1049 2852 explicatum
1060 2793 1113 2852 est,
1124 2795 1149 2841 et

91 2857 118 2906 ob
131 2860 232 2911 easdem
243 2861 364 2910 rationes.
396 2859 400 2866 '

115 2928 256 2990 bissenus,
270 2931 298 2979 tn
312 2940 358 2979 suo
368 2939 423 2991 erge
434 2929 580 2994 episcopum
597 2931 755 2988 ministerio,
767 2927 1058 2986 conmonuemus
1070 2927 1149 2979 Putris

87 2993 239 3113 diaconum,
255 3011 300 3049 seu
316 3000 483 3061 ministrum,
501 3004 681 3066 repraesentat;
698 2997 814 3050 Christus
829 2998 898 3048 euim
909 2997 957 3048 iuit
968 2997 1011 3048 liei
1023 2999 1139 3050 minister

108 3077 156 3116 oin.
174 3069 214 3118 15.

114 3136 183 3188 Sicut
197 3147 257 3199 ergo
268 3137 336 3188 circa
347 3147 425 3186 unam
438 3136 589 3200 Ecclesiam,
602 3147 720 3202 sponsam
733 3148 823 3196 suam,
838 3134 887 3186 iuit
899 3134 944 3186 Dei
955 3135 1071 3188 minister
1084 3156 1092 3187 s
1110 3140 1147 3189 ita

89 3208 111 3253 et
123 3206 247 3258 diaconus
260 3207 337 3256 unius
347 3217 444 3270 sponsos
453 3207 554 3260 tanturn
566 3211 598 3258 sit
610 3211 658 3260 rir.

117 3305 153 3352 13.
168 3301 221 3362 Qui
233 3301 300 3350 enim
314 3299 372 3351 hesi
384 3301 611 3359 ministraverint...
632 3315 675 3354 seu
692 3302 840 3356 diaconatds
853 3301 934 3352 officio
946 3301 1011 3357 bend
1021 3301 1147 3376 perfuncti

88 3366 194 3429 tuerint,
207 3369 342 3418 honestam
353 3369 401 3418 sihi
412 3370 481 3419 riam
497 3373 588 3432 parant
597 3369 631 3420 ad
640 3369 756 3426 altiorem
769 3370 891 3434 madum,
903 3367 1087 3439 presbyteratus
1098 3374 1147 3420 sci·

88 3437 158 3499 lieet,
180 3437 221 3487 rei
243 3437 410 3501 episcopatos.

115 3507 187 3556 Tunc
199 3507 268 3558 enim
278 3542 285 3566 ,
296 3507 362 3557 sicut
378 3519 408 3556 ex
419 3507 528 3570 probatis
539 3507 688 3559 Christianis
698 3508 791 3559 debant
800 3507 898 3558 diaconi
910 3526 916 3566 ;
928 3505 980 3566 sic,
995 3517 1025 3578 ex
1036 3505 1146 3563 diaconis

89 3574 147 3624 hene
165 3586 213 3625 suo
232 3573 312 3624 officio
328 3573 481 3638 perfunctis,
493 3576 587 3628 debant
597 3577 755 3631 sacerdotes.
772 3580 797 3626 ot
808 3587 837 3625 ex
850 3572 1145 3650 optimislssoetrdotibus,

88 3655 100 3692 e
116 3645 204 3707 iscopi.
562 3675 564 3680 ·

100 3657 285 3762 pilreodoretus
303 3707 329 3761 id
348 3709 464 3774 inteiligit
476 3713 507 3762 dc
522 3715 728 3776 prestantissima
746 3709 826 3775 gradu
847 3713 875 3761 in
892 3709 946 3781 ritis
970 3713 1062 3764 aeternd
1081 3717 1146 3765 rect-

87 3782 176 3848 piendo
190 3782 205 3832 h
219 3782 332 3832 diaconis
350 3783 395 3844 qut
412 3781 543 3833 humiliter
560 3783 769 3832 ministraverint.

114 3857 147 3904 Et
164 3855 274 3905 moltam
294 3855 446 3918 fiduciam...
462 3857 487 3906 ot
503 3857 525 3904 si
544 3867 574 3906 ex
587 3855 700 3906 diaconis
718 3853 780 3906 liunt
789 3852 944 3916 sacerdotes,
958 3858 1002 3906 aut
1018 3857 1144 3924 episcopi,

89 3921 188 3994 liberius
202 3927 227 3974 ct
242 3924 337 3984 majore
353 3935 412 3973 cum
427 3921 536 3984 sidonii,
550 3925 622 3984 iuxta
633 3922 726 3974 Christi
737 3921 812 3994 iidem
826 3925 851 3995 ct
864 3922 1026 3990 Ersngeilum
1044 3928 1145 3976 coeteros

86 3991 231 4054 docebunt,
247 3989 388 4044 monebunt
404 3993 430 4043 ei
444 3994 577 4055 corrigent.
869 3991 873 3996 '
903 3996 922 4002 ”
967 3997 970 4003 ’
1012 3995 1015 4002 “
