2594 4542
295 273 468 334 rniensi
486 273 709 340 brintisio.
728 283 811 342 dar.
830 289 880 344 vr.
1064 300 1116 352 aex

59 362 242 436 impositionis
275 385 389 444 quoque
434 388 497 428 ma·
518 379 613 428 trinam
627 380 1061 452 cetccbisticam,dcbaptismate
1077 403 1117 445 se-

59 460 160 513 nuum,
519 453 647 499 cremento
663 449 882 514 Contlrmetionis3

58 538 88 577 ee
99 527 310 582 resurrectionis
321 535 495 586 mortuorum
547 539 583 590 tie
594 545 777 594 resurrectione
790 549 950 597 mortuorum
968 553 993 600 et
1004 550 1035 600 de
1044 552 1114 612 tudi-

59 602 189 668 eijudicli
200 606 310 660 aeterni.
517 609 557 658 cio
573 611 726 672 uniuersali,
742 613 770 662 in
781 625 831 674 quo
847 613 907 663 boni
924 617 1017 666 aeterna
1036 617 1115 669 felicl-

516 679 569 727 tatc
587 679 801 760 praemiabuntnr,
819 680 881 730 mali
904 682 963 732 verb
985 684 1115 747 suppliciis

88 789 115 840 5·
132 789 166 840 Εῑ
177 788 233 842 ¹¹⁰⁰
243 788 390 858 faciemus,
405 792 493 865 siqui-
517 746 879 875 ffllllilsafilntgrffiniaefeertntljilbns
890 815 1020 868 elementis
1039 819 1114 868 omis-

55 861 115 918 dein
130 867 288 934 permiserit
300 871 384 924 Deus.
516 882 565 941 sis,
574 881 702 931 adultiora
712 881 836 942 feremur,
845 885 867 931 si
879 883 945 932 Deus
953 885 1113 932 concesserit.

547 950 628 1014 (Quid
637 953 706 1001 enim
716 963 819 1002 necesse
830 957 867 1002 est
876 965 921 1015 per
930 951 1113 1002 catechismum

515 1029 560 1068 roe
571 1031 659 1078 rursus
678 1022 810 1070 instituere
825 1021 856 1070 dc
871 1021 912 1072 his
929 1019 1069 1070 initialibus
1089 1024 1113 1070 et

514 1083 547 1133 ed
559 1083 717 1146 Baptismum
732 1087 940 1148 disponentibus?
954 1087 962 1150 )

88 1139 112 1188 t.
124 1139 300 1206 impossibile
308 1145 352 1196 est
360 1141 435 1206 euim
443 1153 493 1196 eon
546 1151 675 1214 Siquidem
686 1154 839 1217 impossibiie
852 1160 906 1213 est,
917 1166 947 1204 ex
960 1153 1004 1204 ilci
1016 1154 1114 1204 ordina-

51 1255 1112 1282 *mm

80 1331 138 1383 Stre
148 1334 227 1383 ettam
237 1369 244 1394 ,
255 1337 316 1396 quie
328 1339 399 1388 terta
408 1341 435 1388 et
446 1335 543 1390 diversa
554 1342 626 1389 erant
636 1341 699 1390 tunc
711 1339 872 1404 baptismata,
884 1341 998 1402 ludrica,
1008 1343 1112 1393 ioannis

53 1403 75 1450 et
83 1401 175 1452 Christi
185 1422 192 1463 ;
204 1404 286 1455 etheo
299 1405 331 1455 ab
343 1406 402 1458 eliis
413 1407 487 1458 valde
496 1408 702 1471 distinguendum
715 1413 769 1460 crat
777 1413 805 1460 in
816 1410 928 1461 doctrine
942 1412 1115 1476 catechistice.

79 1477 251 1540 impositionis
264 1492 361 1542 qaoque
374 1493 516 1541 manum,
536 1482 627 1542 idest,
643 1487 794 1534 sacrementi
810 1485 1015 1536 confirmationis
1027 1523 1033 1546 ,
1045 1487 1112 1548 qnod

52 1555 94 1662 ¹per
104 1558 231 1664 {ragenerum
242 1549 429 1612 impositionem
440 1549 585 1612 confertur,
597 1551 743 1614 solebatque
758 1557 821 1604 tunc
837 1553 930 1603 adultis
941 1554 1048 1605 conferri
1059 1558 1112 1606 sta·

69 1626 95 1663 m
177 1627 194 1677 p
216 1627 281 1667 amc.

78 1689 112 1737 Ac
124 1689 315 1740 rmnbrectienis
324 1663 500 1752 mortuorum,
512 1693 544 1744 de
554 1706 604 1755 qua
618 1693 714 1744 scillcet
726 1695 755 1744 ln
769 1695 886 1759 Symbola
897 1695 968 1758 fidel,
981 1700 1006 1748 et
1016 1710 1071 1760 quae
1083 1700 1111 1748 ln

52 1758 100 1818 ipsc
112 1757 241 1820 baptismo
252 1763 463 1823 representatur,
475 1760 548 1812 Rom.
563 1774 619 1824 cap.
633 1766 664 1823 6,
677 1777 703 1813 n.
716 1766 741 1814 ti

78 1831 212 1894 brindisii
219 1835 318 1891 oetmni,
329 1834 357 1883 ln
368 1845 418 1895 quo
429 1835 489 1886 boni
498 1836 708 1899 premiebuntur,
718 1837 779 1887 meli
789 1839 927 1900 punientur
939 1842 966 1887 in
977 1843 1108 1890 aeternum.

52 1899 142 2018 liniue
158 1899 280 1952 timemur
293 1902 409 1954 ordinem
425 1915 476 1964 quc
492 1903 606 1955 solebant
622 1903 729 1966 apostoli
748 1905 914 1956 christianam
931 1907 1029 1957 tradere
1051 1907 1110 1956 doc-

62 1984 73 2018 r
83 1981 153 2019 nem.

78 2037 180 2098 Primo,
194 2039 336 2090 excitabant
350 2039 383 2090 ad
395 2041 569 2103 penitentiam
580 2040 746 2102 depereatis.

78 2105 173 2157 Deinde
187 2107 264 2158 tidem
282 2112 310 2159 ln
322 2108 402 2160 licum
418 2114 444 2160 et
455 2111 482 2160 in
493 2109 623 2160 Christum
634 2111 773 2170 exigebant.

27 2232 30 2239 ¹
77 2175 166 2226 Postea
179 2177 336 2241 baptismum
348 2180 521 2242 proponebant
531 2182 604 2240 cujus
615 2181 735 2229 virtutem
747 2178 913 2242 explicabant.

77 2244 212 2307 baptizatis
229 2247 390 2308 postmodum
410 2261 502 2298 manus
518 2249 696 2310 imponebant,
709 2252 738 2298 ut
752 2261 796 2310 per
808 2251 996 2298 sacramentnm
1016 2249 1110 2299 Condr-

50 2316 171 2363 metionis
186 2314 309 2376 Spiritum
323 2319 441 2366 sunctum
451 2319 477 2366 et
489 2315 566 2367 robur
576 2318 662 2379 gratiae
677 2319 834 2380 reciperent,
845 2329 895 2378 quo
907 2317 1049 2379 generosius
1063 2331 1108 2381 pro

49 2382 98 2431 irde
115 2383 282 2434 decertarent.
784 2413 786 2418 ,

76 2451 204 2514 Denique,
219 2453 252 2502 ad
265 2456 433 2505 constantiam
444 2455 586 2506 excitabant
596 2468 640 2520 spe
650 2455 762 2518 gloriosa
773 2458 963 2507 resurrectionis
974 2460 999 2508 ei
1011 2462 1109 2512 eterne

51 2524 126 2583 riteaa
140 2527 166 2572 et
178 2524 211 2573 ab
221 2526 345 2586 apostasia
360 2525 520 2576 deterrebant
533 2527 702 2577 damnationis
721 2532 821 2578 sterne
836 2532 915 2578 metu.

80 2608 104 2654 3.
120 2606 154 2654 Et
174 2604 234 2664 bec,
256 2605 283 2656 id
303 2608 356 2666 est,
368 2605 465 2658 scilicet
475 2610 504 2656 ut
514 2643 521 2666 ,
533 2609 632 2656 emissis
645 2607 704 2658 tidei
715 2608 865 2657 rudimentis
876 2644 883 2667 ,
895 2608 928 2658 ed
938 2607 1027 2658 altiora
1043 2610 1108 2660 iera-

49 2686 123 2735 murr
135 2673 185 2723 boc
196 2711 204 2735 ,
215 2675 333 2737 inquam,
344 2675 444 2726 levante
456 2675 501 2726 Del
512 2676 593 2738 gratia
606 2688 683 2736 quem
697 2687 785 2738 spere,
796 2675 885 2725 tactem
898 2679 925 2726 in
937 2679 1107 2739 sequentibus.

79 2757 104 2806 1.
118 2757 277 2820 impossibiie
296 2765 331 2810 cst
347 2761 443 2810 etim...

77 2827 126 2876 liat
141 2829 267 2877 radonem
278 2829 309 2878 eb
320 2841 397 2891 quarn
410 2828 442 2880 de
457 2825 687 2877 tundamentalibus
705 2825 885 2877 christianismi
902 2828 1051 2879 veritatibus
1066 2829 1106 2880 hle

48 2895 1109 3019 tintinitdtiitliiiiiiiitilttiitttiittibiiiiit}

49 3038 78 3096 ut
86 3034 103 3083 a
117 3032 239 3094 legalibus
250 2979 419 3086 lmmqrnditiis
432 2979 670 3095 segctliicarenturg
681 3036 716 3086 sic
732 3037 759 3084 in
775 2978 964 3084 clrrisijienismtlrJ
978 3035 1107 3086 multoties

47 3105 150 3164 possent
161 3101 280 3163 baptizari
296 3106 320 3153 et
337 3105 447 3166 priorem
459 3105 557 3165 assequi
573 3106 678 3164 gretiam
690 3123 697 3155 a
709 3104 818 3167 hincque
833 3103 936 3154 llberids
952 3104 1106 3167 peccabant,

48 3175 72 3220 et
83 3169 204 3220 dissolute
215 3172 409 3233 virentes‚eth
425 3172 474 3222 ilde
485 3172 638 3224 detlcientes.
1122 3165 1125 3178 ¹

77 3241 112 3290 lie
122 3240 172 3291 hoc
185 3252 269 3290 errore
284 3241 445 3292 liebreorum
455 3278 461 3302 ‚
472 3241 530 3291 ride
546 3241 575 3292 b.
587 3242 807 3304 chrysostomum,
818 3243 1002 3294 theodoretum
1012 3279 1018 3302 ,
1027 3243 1108 3293 ibeo·

47 3309 212 3372 phytacium,
224 3310 358 3362 Erasmum
376 3313 453 3361 etlam
464 3311 491 3360 in
504 3311 710 3360 annotationibus
720 3347 727 3370 ,
738 3312 770 3360 o..
780 3311 918 3370 Thomam,
936 3313 964 3359 in
978 3324 1005 3359 n.
1023 3315 1047 3362 6.
1059 3311 1111 3360 Ge·

47 3391 158 3441 gneum.
592 3405 598 3416 ·

78 3447 152 3496 iiunc
173 3458 232 3508 ergo
251 3459 362 3498 errorem
378 3451 407 3497 ut
421 3458 524 3510 prorsus
539 3444 819 3508 cmtrnguatapastoiaa
829 3482 836 3507 ,
846 3450 872 3496 et
882 3444 996 3496 liebraeos
1006 3447 1038 3498 eb
1050 3458 1107 3510 epo

49 3515 238 3576 siasiapenitds
251 3515 389 3576 deterreat,
402 3517 455 3564 altr
762 3541 764 3546 .

77 3587 236 3650 Impossibile
248 3594 283 3639 est
296 3589 374 3647 enim,
388 3590 460 3650 quasi
476 3585 569 3638 diceret
579 3604 587 3635 r
599 3585 701 3637 Frustra
716 3598 761 3635 ros
778 3586 809 3634 de
825 3587 865 3634 bis
884 3584 1023 3635 initialibus
1038 3589 1062 3636 ei
1075 3587 1107 3637 etl

47 3658 205 3720 baptismum
218 3655 408 3719 disponentibus
421 3668 524 3706 rursum
535 3658 700 3713 instruerem
720 3653 874 3715 impossibile
889 3657 927 3702 est
945 3655 1014 3702 enim
1031 3654 1106 3704 semel

46 3727 184 3790 baptizatos
195 3762 202 3784 ,
215 3729 240 3774 et
253 3725 344 3774 deinde
357 3725 372 3776 i
384 3725 435 3775 ilde
446 3724 573 3788 prolapsos
584 3734 629 3790 per
643 3725 817 3786 penitentiam
828 3721 1002 3785 baptismalem
1014 3722 1048 3771 ad
1062 3735 1109 3772 no

46 3807 105 3845 ram
114 3797 194 3844 ritem
206 3796 357 3855 regenerari.

77 3867 123 3919 llic
133 3881 225 3919 sensus
237 3866 330 3918 claritis
338 3867 432 3930 patebit
443 3880 473 3917 ex
484 3865 788 3928 singulornmrrerbcrum
799 3863 971 3926 explicatione.

80 3935 241 4002 impossibile
251 3941 285 3990 est
296 3956 305 3988 .·
316 3948 368 3990 uon
387 3937 450 3990 dixit
459 3937 561 3998 inutile,
572 3937 731 3999 indecorum
742 3933 785 3988 sed
796 3934 966 3999 impossibile,
980 3939 1008 3988 ut
1019 3935 1051 3988 ed
1064 3936 1108 3989 de-
