2594 4542
166 304 221 358 200
492 301 693 356 eelsrote
712 302 761 355 ΑΙ)
780 299 904 354 Tirittt

197 394 401 448 trotueentutas
415 397 492 456 igitur
503 381 606 447 ornnem
619 409 665 447 suo
679 396 762 454 sexui,
818 399 847 449 t.
863 398 896 449 [it
912 393 1088 462 prudentiam
1109 392 1218 448 doceant

166 471 191 518 et
200 467 280 526 euti,
293 468 318 516 et
329 467 405 516 stated
416 466 606 515 conuenientem
615 465 763 527 sapientiam
785 471 1019 534 aflfflesoentulas,
1032 471 1147 524 utviros
1160 484 1218 524 spo,

166 536 289 595 doceant,
301 532 413 593 scilicet,
429 535 458 581 ut
470 545 530 583 suos
545 535 649 584 maritos
662 534 762 593 ament,
787 554 881 601 amem
909 547 981 600 filios
993 559 1061 600 ΜΟ,
1073 546 1192 613 diligam,

166 614 274 666 suosque
286 600 351 652 tilios
361 600 475 664 diligunt.
889 587 897 613 '

195 673 228 724 iit
244 676 295 724 sint
312 670 464 735 prudentes,
477 673 565 730 ceste,
577 669 683 729 sobrie,
695 669 762 720 dumi
821 672 847 722 5.
860 668 1032 731 Prudenter,
1053 674 1159 730 castas,
1177 681 1218 721 so·

165 740 288 802 assidue,
308 753 414 802 remque
436 739 601 790 domesticum
628 743 762 798 curantes,
785 743 1218 811 hrias‚d0ms130uramhabpn.

165 813 240 861 mites
248 814 273 860 ei
283 810 397 870 benignu
408 817 465 868 erga
476 806 701 864 domesticos‚viris
712 808 764 855 suis
786 827 828 874 pes
855 821 991 888 benignas
1021 801 1147 873 suhdjffig
1163 821 1219 873 viris

166 879 287 938 subdtae3
298 880 495 940 neproptereus
506 872 670 924 muttendiat
681 874 764 923 idren-
787 861 845 952 suig
879 905 910 953 ut
935 860 1007 952 Μ’
1022 899 1084 952 blas
1104 898 1220 954 hemam,

166 942 473 1008 geliumapudiuiideles.
787 939 904 1030 verb'um
917 976 965 1030 Dei
1083 913 1103 966 p

973 1015 981 1040 ἲ

196 1057 317 1108 Similiter
327 1039 428 1106 nurture
436 1057 544 1114 iuvenes
554 1055 583 1103 ut
596 1057 764 1116 temperantes
821 1056 849 1106 6.
866 1056 989 1107 invenes
1014 1052 1141 1108 similiter
1160 1051 1219 1105 hor·

168 1127 219 1175 rint
234 1128 260 1174 et
271 1123 358 1174 sobrii.
788 1133 861 1191 tare,
875 1133 905 1181 ut
922 1127 1009 1180 sobrii
1021 1127 1093 1191 sint,

199 1293 244 1344 iiie
255 1292 288 1343 ab
299 1291 407 1342 aniculis
420 1293 526 1352 requirit
538 1289 606 1353 qnod
617 1303 644 1340 n.
654 1293 684 1351 2,
697 1291 713 1339 e
726 1290 829 1340 senibus
844 1291 987 1352 requisivit,
1000 1290 1167 1350 utiuniorum
1177 1292 1220 1341 dut

168 1362 311 1426 exemplum
322 1367 348 1412 et
357 1362 483 1422 magistre
498 1362 525 1409 in
533 1360 609 1410 bono.

198 1429 258 1492 Quae
269 1434 342 1481 utute
358 1433 490 1492 preeunt,
505 1433 531 1478 et
539 1427 664 1491 sapientie
679 1431 798 1491 preeunt.

202 1499 266 1551 Addi
278 1501 360 1562 potest
370 1496 438 1559 quod
448 1497 579 1559 speciatim
590 1494 645 1545 vult
660 1498 789 1544 matronas
799 1496 909 1546 seniores
923 1497 1058 1557 iuniorum
1070 1507 1124 1547 esse
1137 1497 1218 1558 megis-
1284 1524 1285 1590 1

168 1570 305 1631 tres,quia
321 1579 373 1616 non
389 1565 492 1614 decebat
504 1565 651 1627 episcopum
661 1563 747 1613 Titum
758 1601 765 1624 ,
775 1563 888 1615 munduli
901 1563 997 1615 vitandi
1013 1565 1107 1626 muse,
1118 1567 1166 1614 nisi
1180 1576 1218 1628 pro
1284 1605 1285 1620 ,

168 1641 288 1690 concione
298 1641 323 1686 et
333 1638 360 1685 iu
371 1631 697 1698 publico,edoieseentulss
708 1636 733 1682 et
744 1635 860 1695 iuniores
869 1633 967 1686 docere.
1284 1647 1285 1650 ¹

198 1716 223 1762 t.
236 1713 265 1762 iit
275 1711 436 1774 prudentiam
447 1709 558 1758 doceant.

196 1780 258 1832 iiius
272 1790 330 1841 ergo
347 1776 454 1826 doceant
469 1786 573 1824 omnem
590 1786 637 1824 suo
653 1777 742 1835 sexui,
762 1779 830 1826 etuti
851 1781 877 1827 et
892 1779 968 1828 statui
982 1777 1173 1829 convenientem
1184 1789 1217 1825 sa-

168 1851 306 1915 pientiam,
317 1845 458 1896 moderates
474 1847 499 1893 et
509 1847 678 1907 temperantes
691 1855 754 1894 esse.

201 1927 273 1976 Viros
286 1936 345 1974 sues
356 1925 447 1970 ament.
458 1918 501 1970 Gr.
511 1916 658 1982 φιλάνδρους,
670 1933 775 1972 suorum
788 1924 938 1976 mertiorum
950 1927 1066 1974 umentes
1079 1920 1148 1984 es‘se,
1159 1926 1216 1973 casio

167 2002 265 2052 scilicet
274 2009 361 2050 eruore
374 2000 400 2046 et
410 1996 584 2056 reverentiam
596 1998 672 2058 caput
680 1997 750 2046 enirn
764 1999 810 2047 est.

198 2078 276 2128 Filios
288 2089 348 2127 titot
361 2074 479 2137 diuatim-
492 2073 536 2124 Gr.
549 2073 699 2135 φιλοτέκνους.

198 2148 345 2197 Liberorum
362 2147 490 2204 amentes,
509 2143 646 2195 christiano
662 2144 758 2194 seilicet
769 2157 869 2206 umore,
887 2148 913 2195 et
932 2145 988 2195 ideo
1012 2144 1145 2206 ordinato,
1162 2147 1216 2206 rigi·

168 2217 230 2268 iunii
240 2253 247 2277 ,
256 2219 300 2278 qui
312 2226 401 2264 eorum
412 2213 555 2264 salutemet
566 2213 741 2263 educationem
755 2213 880 2276 precipue
891 2218 971 2264 curet.

198 2281 398 2346 theophylactus
409 2285 481 2332 notat
489 2281 556 2344 quod
568 2293 640 2330 amor
653 2282 738 2330 mariti
750 2283 784 2330 sit
796 2281 990 2332 domesticorum
999 2282 1126 2333 bonorum
1135 2287 1215 2346 captis

167 2357 190 2405 si
206 2352 256 2403 iroc
274 2352 392 2412 nituerit,
408 2355 544 2413 sequentur
560 2349 672 2411 reliqua,
687 2353 747 2410 ete.;
763 2352 784 2400 si
800 2351 866 2400 absit
882 2362 954 2400 amor
973 2352 1111 2414 maritalis,
1131 2353 1217 2402 etiarnsi
1286 2367 1287 2414 3

168 2425 254 2474 omnis
268 2422 401 2482 affuerint,
412 2421 533 2471 ditiiuunt
546 2423 572 2470 et
582 2419 768 2482 pessumtbunt.

197 2493 258 2555 Qun
267 2492 387 2542 meritum
400 2503 477 2541 sunm
487 2489 585 2553 diligit,
597 2488 662 2538 iiiios
672 2489 773 2552 diliget,
787 2488 869 2538 sobrie
883 2490 932 2539 erit
947 2493 972 2540 et
982 2494 1069 2552 easta,
1083 2491 1170 2542 domos
1180 2504 1217 2540 en-

167 2573 223 2614 rem
240 2559 361 2621 habebit,
375 2562 424 2610 etc.
438 2560 517 2612 idem.

128 2671 131 2678 ,
198 2638 222 2686 5.
238 2635 390 2694 Prudenter,
401 2641 498 2694 coetus,
513 2634 621 2686 sobnae.

196 2705 263 2756 Ecce
275 2704 436 2755 sobrietatem
450 2705 525 2755 tertio
538 2702 751 2762 commendatam.

197 2783 292 2834 Demus
307 2795 396 2834 corum
408 2781 532 2832 moene.
540 2781 584 2833 Gr.
594 2779 733 2843 οικουρονὶς,
743 2779 812 2830 domi
823 2778 930 2831 assidue
940 2791 985 2832 eeu
1001 2779 1093 2832 domus
1103 2779 1216 2834 cuswde.

196 2852 293 2903 ilerum
303 2849 459 2914 symbolum,
471 2850 579 2900 testudo.

196 2926 334 2988 Benipner,
346 2936 404 2984 erge
415 2923 574 2973 domesticos.

167 3049 175 3068 ,
199 2998 319 3048 subditae
333 2997 397 3045 ciris
407 2996 474 3053 ruis,
484 3003 573 3046 utnon
587 2993 812 3057 blasphemum...

196 3066 339 3127 nepropur
350 3075 392 3112 eas
402 3062 468 3112 maie
478 3063 565 3112 audiat
576 3063 740 3123 evangelium
749 3065 817 3126 upud
830 3064 958 3128 infideles;
968 3065 1040 3128 quasi
1053 3066 1093 3117 rei
1104 3066 1168 3118 mula
1178 3066 1218 3116 do-

166 3138 238 3195 ceat,
250 3131 290 3182 rei
300 3130 389 3180 saitem
408 3129 476 3180 iilius
489 3128 603 3181 doctrina
616 3131 681 3181 nihii
693 3131 826 3195 proiieiatg
837 3137 936 3198 sintque
948 3140 1050 3198 prepter
1060 3149 1104 3188 eus
1114 3136 1215 3186 dicturi·

165 3202 230 3266 Quid
245 3203 282 3252 eis
290 3200 391 3264 prodest
400 3199 456 3250 huc
469 3200 585 3251 doctrina
595 3205 681 3253 norat

196 3272 261 3336 Quot
274 3273 407 3334 coniuges,
417 3270 449 3320 oh
460 3270 552 3320 horum
562 3275 744 3334 preceptorum
753 3273 967 3324 inobservantiam
979 3310 985 3335 ‚
999 3280 1062 3326 eunt
1072 3289 1148 3327 censu
1157 3273 1218 3324 inias

165 3343 288 3408 phemiei
302 3345 364 3404 quot
373 3339 449 3390 hodie
461 3337 584 3402 divortia,
595 3344 656 3402 quot
669 3341 786 3392 scandula
800 3340 833 3392 ob
841 3354 924 3393 mores
935 3343 1072 3408 conjugum
1084 3345 1147 3396 iruic
1155 3339 1217 3393 Pauli

166 3413 288 3464 doctrine
298 3411 450 3461 contrutinet

197 3490 221 3535 o.
231 3488 337 3536 iuuenes
344 3484 463 3535 similiter
477 3481 579 3534 tortore
588 3489 617 3533 ut
626 3483 707 3533 rodni
720 3484 780 3534 rint.

195 3554 261 3604 Ecce
271 3552 430 3604 sobrietatem
439 3549 529 3614 quarto
544 3551 757 3602 commendatam.

196 3622 259 3684 Quis
271 3627 407 3686 utrumque
419 3634 507 3672 sexum
520 3624 546 3671 et
556 3633 658 3670 omnem
673 3626 773 3672 etatem
786 3617 860 3672 luxus
878 3628 1037 3686 corruperat,
1054 3623 1117 3674 hine
1127 3624 1217 3673 viriset

166 3690 329 3750 mulieribus,
341 3691 443 3741 senibus
454 3693 479 3740 et
494 3690 645 3750 iuvenibus,
655 3688 726 3740 luxui
742 3688 848 3749 deditis,
859 3689 1019 3741 sobrietatem
1035 3696 1059 3741 et
1077 3692 1216 3742 modoetien

166 3758 222 3810 ruli
236 3759 362 3822 precipue
373 3753 554 3810 commendari.
1007 3759 1009 3764 '

152 3862 158 3874 .
197 3825 363 3876 Commendet
373 3831 459 3876 autem
473 3830 502 3876 ut
513 3827 616 3877 vitiosos
626 3830 707 3876 curet.
1056 3839 1060 3852 ·

196 3895 299 4014 iufflm
311 3896 404 4012 quippe
413 3896 505 3948 vitium
516 3901 567 3958 est,
575 3895 738 3959 quantumvis
755 3892 889 3958 inolitum,
901 3893 968 3959 qued
979 3907 1031 3948 non
1046 3899 1118 3948 senet
1132 3891 1215 3948 enred

167 3978 193 4016 ta
205 3978 222 4012 u
253 3974 295 4014 era
303 3967 392 4024 gratu.
701 3971 707 3987 ·
