2670 4542
178 293 214 344 62
379 289 511 343 PRllIAE
529 289 736 344 EPISTOLAE
755 289 804 342 tl>
823 289 1046 343 utuourtliull

176 355 295 434 omnibus
320 382 475 435 redimendis
495 385 671 435 testimonium
691 381 777 448 (sane
800 376 1246 451 semetipsumproomnssms,tes·
1313 365 1314 416 Ὗ

178 451 347 502 indubitatum
360 447 368 512 )
380 450 448 513 quod
462 454 575 515 tempore
592 452 717 503 destinato
732 450 777 501 de·
800 463 948 518 timonium
962 459 1136 527 temporibus
1146 455 1225 511 suis:
1313 465 1314 474 ¹

179 520 230 580 dit,
242 520 272 569 de
288 519 374 568 divini
393 519 524 569 voluntate
540 519 630 570 salutis
650 521 776 570 omnium.

207 713 309 773 Tertio,
327 713 367 762 his
386 713 458 763 lesus
473 711 607 775 Christus,
627 711 800 772 llonro-lleus,
818 709 941 760 mediator
959 710 1062 765 noster,
1084 702 1244 764 cancamum

178 783 244 831 dedit
253 783 280 831 in
291 784 401 844 pretium
414 781 595 844 redemptionis
606 783 721 831 omniunt
731 778 882 838 homiuum,
893 789 938 828 seu
948 787 994 840 pro
1004 771 1160 825 redimendis
1169 775 1245 833 atque

99 869 102 878 ¹
177 850 303 900 salvandis
320 852 438 902 omuibus
455 850 610 902 hominibus.

207 921 263 971 lion
278 921 382 971 redimit
398 932 461 970 auro
476 923 502 970 et
514 923 632 981 argento,
647 919 692 970 sed
701 919 861 981 semetipsum
873 918 940 968 dedit
950 915 978 965 ic
988 911 1133 975 ἀντίλυτρον.

208 991 328 1052 emam,
347 993 457 1055 pretimn
476 989 670 1054 redemptionis,
687 988 863 1050 qualecunque
886 990 935 1048 sit;
950 983 1117 1048 antilytrum,
1132 983 1243 1046 pretium

177 1061 301 1109 ricarium
313 1097 320 1120 ,
332 1072 383 1122 quo
395 1072 436 1109 res
447 1071 507 1110 cum
520 1072 548 1110 re
561 1057 639 1109 simili
649 1063 675 1108 et
683 1057 779 1109 ricarli
790 1057 924 1107 redimitur
938 1068 947 1104 a
960 1057 1012 1106 rita
1027 1065 1073 1116 pro
1085 1051 1154 1112 ulid,
1168 1052 1243 1114 capnt
1316 1079 1317 1090 ,

177 1130 333 1246 prollo‘eaffilet⁸
340 1195 469 1256 Christus,
483 1197 529 1260 pai
542 1155 702 1259 semipsum
717 1197 784 1246 dedit
799 1208 844 1259 pro
855 1195 942 1251 nobis,
954 1196 1034 1243 vitam
1047 1203 1122 1240 suam
1132 1201 1180 1252 pro
1191 1186 1243 1236 vita

178 1265 282 1316 nostris
300 1266 380 1316 vitum
393 1265 438 1316 llel
454 1277 499 1328 pro
518 1265 716 1316 ritihominum
727 1284 734 1324 ς
745 1267 825 1316 vllam
841 1264 897 1314 Filii
916 1263 959 1312 llel
973 1273 1018 1324 pro
1029 1259 1082 1310 viti
1100 1258 1145 1307 liei
1160 1257 1243 1306 inimi·
1317 1312 1318 1316 ἵ

178 1344 380 1484 θοέὶυῐῗιῖείῐαὴὶϋε
390 1402 509 1455 dlleoiloi
525 1402 540 1452 o
558 1403 619 1454 saud
630 1413 689 1453 vera
701 1406 727 1453 et
743 1405 809 1453 seria
826 1401 943 1452 voluntas
956 1397 1044 1448 salutis
1061 1398 1180 1446 omniurn
1197 1393 1243 1442 ho·

177 1475 312 1603 mlllllolsseels,
322 1544 454 1605 ceterique
461 1541 604 1592 secundarii
615 1547 640 1592 et
649 1540 826 1592 ministeriales
837 1539 1000 1597 mediatores,
1012 1536 1107 1586 hostias
1119 1538 1145 1582 et
1156 1543 1242 1594 preces

177 1607 323 1658 obtulerunt
333 1623 378 1672 pro
396 1613 428 1660 iis
440 1622 549 1672 quorum
567 1614 640 1659 erant
652 1609 811 1659 mediatores.

208 1675 239 1726 tt
249 1676 321 1727 lesus
332 1678 465 1738 Christus,
483 1680 637 1740 primarius,
651 1677 799 1740 principalis
809 1689 840 1727 ac
852 1675 930 1739 prope
941 1676 1034 1725 unicus
1045 1671 1172 1722 mediator
1184 1682 1241 1720 nos-

176 1747 227 1804 ter,
239 1748 402 1810 semetipsum
415 1745 506 1798 obtulit
521 1746 630 1798 hostiam
644 1747 671 1795 ln
687 1747 900 1808 a1·acrucls,pro
914 1741 1107 1794 reconciliandis
1120 1741 1172 1790 lieo
1186 1751 1238 1788 om

95 1873 99 1880 ι
176 1811 252 1863 nibus
266 1813 423 1865 horuntinus.
1279 1814 1289 1831 '

209 1885 385 1938 Testimonium
401 1887 556 1952 terpentes
570 1890 633 1938 soie.

205 1955 249 2005 Gr.
263 1958 437 2007 testimonium
449 1956 602 2019 temporibus
616 1958 732 2018 propriis.

206 2025 262 2088 Syr.
281 2027 456 2077 testimonium
481 2025 549 2088 quod
568 2027 653 2076 evenit
671 2031 783 2088 tempore
799 2037 853 2076 suo.

205 2094 330 2146 correctio
348 2107 454 2146 romana
470 2114 478 2145 ι
495 2096 672 2147 testimonium
692 2095 848 2156 temporibus
866 2096 927 2144 suis.

205 2163 236 2212 lit
247 2165 282 2213 lta
296 2162 430 2226 legendum
441 2165 533 2228 putant
550 2162 654 2222 Estlus,
671 2162 803 2213 Cornelius
818 2164 834 2212 a
852 2161 958 2228 lapide,
975 2164 1008 2211 lta
1028 2161 1143 2224 legerunt
1161 2159 1240 2210 Lora·

175 2234 283 2282 niensss.

206 2302 348 2363 sensusque
358 2305 420 2353 tune
432 2303 532 2353 ridetur
544 2301 617 2352 valde
628 2302 751 2352 naturalis
767 2322 774 2353 ι

204 2370 386 2422 authenticum
400 2371 497 2421 sandei
510 2370 683 2421 indubitatum
695 2371 869 2421 testimonium
885 2369 953 2432 quod
963 2408 970 2432 ,
981 2374 1094 2432 tempore
1108 2369 1136 2417 in
1153 2367 1238 2428 Scrlp-

175 2441 238 2487 turis
250 2437 390 2500 destinato,
409 2438 479 2489 dedit
494 2438 586 2489 divine
603 2451 655 2490 sua
671 2452 729 2500 erga
749 2451 795 2489 nos
813 2438 966 2500 dilectionis,
982 2443 1007 2488 et
1023 2437 1091 2500 quod
1108 2436 1197 2486 reveri
1214 2439 1239 2486 et

175 2507 239 2558 serlo
255 2507 317 2558 relit
333 2521 421 2559 omues
438 2509 556 2558 homines
577 2508 659 2560 salvos
676 2509 741 2560 tierl.

204 2577 255 2628 lloe
264 2580 357 2642 qnippe
369 2578 528 2642 probandum
546 2582 657 2643 suscepit
672 2578 821 2642 Apostolus,
834 2578 882 2628 hoc
893 2590 951 2640 ergo
965 2590 995 2628 ex
1011 2577 1084 2628 dictis
1095 2576 1237 2627 concludit.

203 2647 305 2708 Quodsi
316 2662 369 2699 non
385 2648 483 2714 placeat
497 2649 553 2699 uec
570 2649 716 2713 explicatio,
731 2652 814 2712 accipe
826 2649 972 2699 'theodoreti
985 2649 1235 2710 interpretationem:

204 2718 405 2781 Testimonium,
424 2722 522 2782 inquit,
542 2724 616 2771 vocat
638 2723 799 2785 passionem,
819 2721 879 2781 quia
900 2731 988 2768 omnes
1005 2717 1140 2781 prophetas
1162 2721 1237 2767 testes

174 2787 258 2838 habet.

203 2857 326 2920 Tempora
338 2861 439 2922 propria
456 2861 595 2910 testimonii
609 2863 740 2920 suntuna
758 2859 791 2908 ad
810 2857 863 2908 Gal.
882 2860 963 2921 eapite
978 2859 1005 2918 i,
1022 2861 1146 2907 vocantur
1157 2855 1237 2920 pleni·

172 2927 374 2990 tndoiemporls.
792 2941 795 2946 ·

173 3038 327 3094 lirsoursrrro
339 3051 472 3089 ranrrnrrs
482 3043 509 3090 in
520 3054 571 3102 pue
587 3055 661 3092 aeras
672 3056 790 3092 omanem
802 3045 825 3102 i,
839 3044 854 3091 5
866 3048 889 3091 et
901 3046 915 3091 6
926 3055 1011 3092 aeneas
1022 3039 1130 3098 noema,
1148 3047 1170 3091 et
1184 3041 1236 3090 aaa

548 3112 713 3170 proventione
727 3113 857 3174 poenior.

202 3219 309 3270 nitendo
320 3220 352 3270 ad
363 3220 473 3284 Apostoll
489 3235 594 3285 scopum
611 3225 635 3272 et
650 3223 683 3272 ad
699 3226 821 3273 sermonis
835 3228 989 3275 contentum.

201 3288 303 3350 Primo,
323 3292 431 3338 asseruit
447 3301 493 3352 pro
512 3291 630 3339 omnibus
649 3290 796 3341 horninibus
812 3293 936 3342 orandum
954 3305 1016 3343 esee.

200 3359 257 3408 lieo
269 3359 407 3422 proposltlo
422 3357 571 3407 universalis
585 3364 636 3419 est,
655 3363 681 3408 et
691 3358 788 3410 nullam
799 3372 901 3422 prorsus
914 3364 1018 3424 suscipit
1030 3365 1232 3424 exemptionen13

172 3441 219 3478 nee
234 3427 388 3493 enlmnobls
401 3425 438 3476 ias
456 3429 494 3477 est
507 3437 659 3488 quemquem
676 3428 708 3476 ob
724 3428 880 3479 orationibus
901 3432 993 3480 nostris
1011 3431 1143 3482 excludere
1159 3451 1166 3480 z
1185 3433 1233 3482 lroc

172 3496 263 3547 latetur
277 3500 354 3546 etiem
369 3495 463 3546 listins.

201 3564 330 3626 Secundo,
354 3567 384 3614 ut
402 3565 469 3615 hanc
484 3565 672 3628 proportionem
684 3565 851 3617 universalem
868 3568 955 3630 probet
971 3567 1119 3631 Apostolus,
1137 3582 1182 3619 seu
1205 3572 1233 3618 ut

172 3645 218 3682 nos
228 3633 261 3681 ad
272 3632 341 3681 illem
350 3634 377 3682 ln
388 3635 458 3695 praxi
471 3632 631 3693 redigendam
643 3635 747 3693 excitet,
757 3634 783 3682 ld
794 3638 848 3696 est,
860 3640 889 3684 ut
899 3648 945 3686 uos
961 3640 1050 3686 excitet
1061 3637 1093 3686 ad
1107 3638 1231 3687 orandum

172 3715 217 3765 pro
228 3701 345 3752 omnibus
355 3737 362 3761 ,
374 3702 480 3752 aillrmat
491 3701 567 3751 talem
578 3703 718 3753 orationem
730 3703 823 3753 bonam
835 3715 905 3765 esse,
918 3710 943 3756 et
953 3706 1003 3756 lieo
1021 3712 1127 3768 gratam.

202 3770 300 3831 Tertio,
313 3770 362 3820 hoe
376 3773 477 3833 ipsum,
495 3771 591 3822 scilieet
605 3783 676 3822 orare
692 3785 737 3834 pro
747 3773 866 3823 omnibus
880 3775 1015 3837 pulchrum
1029 3781 1054 3826 et
1067 3782 1168 3838 gratum
1179 3788 1231 3826 esse

172 3841 240 3900 lieo,
260 3839 348 3901 probet
362 3851 392 3889 ex
407 3851 436 3889 eo
456 3841 523 3903 qrrdd
538 3840 604 3891 licus
620 3841 727 3891 salvator
747 3845 831 3891 noster
850 3843 905 3894 ooli
923 3859 1005 3894 omnes
1020 3845 1130 3895 homines
1148 3846 1231 3896 colcos

174 3909 246 3974 iteri,
259 3912 285 3956 et
295 3912 424 3969 propterea
434 3908 489 3958 vult
499 3913 526 3958 ut
537 3909 569 3958 ad
582 3912 693 3959 veritatis
710 3912 878 3971 cognitionem
895 3915 1007 3963 veniant.

204 3974 336 4028 Atllrmans
355 3979 441 4024 autem
458 3976 589 4038 Apostolus
601 3978 667 4038 quod
682 3980 748 4028 Deos
763 3979 818 4030 enit
836 3993 918 4030 omnes
934 3981 1112 4044 nominatim
1129 3983 1226 4041 soloce,
