2612 4542
203 269 256 320 rte
373 265 780 322 succensuerim-int
800 263 848 318 tu
866 258 1094 318 'illld'ililllllt
1146 265 1153 280 “
1303 327 1304 330 ¹

234 358 311 410 stude
329 363 439 424 teipsum
460 362 510 412 heo
532 365 631 423 gratum
654 361 795 424 operarium
854 362 899 412 15.
922 359 1042 414 Sollicite
1059 373 1127 412 cure
1141 355 1258 424 teipsum

203 429 335 489 exhibere,
353 442 406 478 uon
427 431 615 480 erubescentem
634 432 734 491 propter
751 439 797 489 op-
820 437 990 503 ppohabssem
1027 434 1158 488 exhihere
1185 437 1256 496 beo,

204 497 303 559 probriu
314 497 421 557 Christi,
433 499 539 548 verbum
549 499 662 548 vertistis
673 495 682 560 (
694 507 740 558 pro
754 509 798 545 eu·
820 515 977 581 operarium
1018 511 1256 575 inconfusibilem,

203 566 293 624 1⁰⁸⁴³¹¹⁰
311 569 386 628 &9¹1¹
401 564 410 628 )
427 566 628 617 ἀῑὲῐῐὼῦθῃῑθω·
821 592 896 645 reete
911 596 1075 644 tractantem
1087 589 1203 642 verbum
1217 603 1260 642 ve-

822 670 919 722 citatis.

235 855 301 906 Sane
312 857 366 918 lpse
379 859 528 907 contestatio
541 869 627 909 eorem
640 857 763 917 llomtno,
779 869 835 920 que
852 860 954 908 nonnisi
969 851 1007 907 ret
1018 859 1142 918 morioris
1156 861 1208 918 est,
1222 861 1257 908 iu·

153 936 159 949 ·
206 925 274 975 dicut
288 927 355 988 quod
366 929 524 989 superiorum
537 929 693 978 monitorum
705 926 793 977 debeat
807 940 860 979 osse
879 927 1053 988 confirmatio,
1067 939 1097 976 eo
1119 941 1171 988 quo
1186 927 1253 991 expli·

205 999 291 1046 cetum
302 999 339 1044 est
349 997 439 1056 modo,
451 997 527 1058 sopri
537 1010 565 1057 n,
578 999 616 1050 ti.

235 1063 318 1113 rium
334 1065 418 1126 itaquo
433 1066 555 1127 superiori
572 1065 604 1114 ed
620 1064 794 1114 tortitudinem
815 1065 999 1124 exhortatione,
1014 1077 1086 1114 nuno
1104 1064 1257 1117 Timotheum

205 1131 320 1180 hortatur
331 1137 361 1181 ut
372 1143 399 1182 se
417 1132 522 1194 dignum
534 1132 615 1182 divini
630 1132 701 1183 verbi
714 1134 863 1182 ministrum
874 1131 1004 1190 exhibeat,
1028 1131 1153 1194 illumque
1163 1136 1256 1185 instruit

206 1201 236 1250 tle
246 1199 321 1249 modo
335 1212 386 1262 quo
396 1201 455 1254 talis
463 1201 570 1263 eunden
584 1213 629 1250 seu
639 1237 648 1262 ,
659 1204 732 1251 utait
748 1201 930 1261 Theodoreus,
943 1201 1016 1250 docet
1031 1213 1092 1251 eum
1104 1202 1217 1264 regulum
1226 1204 1261 1252 di·
1303 1251 1304 1254 ,

205 1271 323 1318 vinorum
335 1268 501 1330 eloquiorum.
708 1321 709 1326 ,

237 1340 273 1388 dc
286 1338 369 1402 primo
378 1343 450 1389 notat
464 1340 573 1389 ebusum
588 1340 620 1400 ab
634 1342 687 1402 ipso
704 1337 836 1388 vitandum
845 1337 1030 1400 lenonibusque
1041 1350 1094 1390 non
1105 1340 1260 1400 inusitatum,

206 1419 298 1470 nempe
308 1409 442 1458 verborum
454 1420 580 1471 pugnam,
589 1407 781 1470 logomecblam.

236 1477 309 1527 ‘luno
323 1479 406 1528 verbis
422 1479 600 1538 contenditur,
616 1477 676 1527 edm
689 1479 716 1526 ln
730 1475 883 1538 disputando
896 1488 949 1526 non
971 1480 1025 1526 tem
1040 1479 1165 1538 queritur
1175 1480 1260 1528 veritus

207 1549 284 1608 quim
294 1549 410 1608 venitus,
421 1545 517 1597 scillcet
529 1558 574 1595 seu
587 1540 720 1595 ostentetlo
732 1546 860 1606 soientlae3
874 1543 969 1595 doctior
979 1545 1069 1606 videri,
1083 1548 1195 1607 vincere,
1203 1559 1261 1608 pre-
1303 1579 1304 1608 ,

207 1613 311 1669 ueteres
1303 1617 1304 1632 ,

241 1688 302 1738 Noli
321 1687 460 1737 eootmdere
475 1687 566 1736 verbis.
578 1685 621 1736 Gr.
635 1698 688 1736 non
702 1653 855 1736 contendere
873 1686 965 1737 verbis.
981 1687 1048 1738 llore
1066 1687 1260 1749 hebreico,iuti·
1303 1653 1304 1734 l

210 1751 321 1799 nitivum
335 1759 380 1809 pro
392 1751 550 1808 imperativo.
562 1748 617 1797 lton
626 1747 778 1807 contendas,
796 1752 845 1796 eto.
856 1749 908 1798 noli
920 1748 1081 1810 verbigeruri.
1303 1749 1304 1760 ²

238 1819 266 1868 P.
279 1816 402 1866 Amelotte
424 1817 486 1865 citat
498 1819 700 1880 manuscriptum
717 1815 930 1878 Alexandrinum,
942 1819 971 1866 tu
981 1830 1031 1880 quo
1049 1817 1143 1880 legitur
1153 1820 1186 1878 μὴ
1198 1817 1260 1874 >ffro-
1303 1779 1304 1868 l

208 1890 297 1949 μάχει,
308 1899 341 1936 ne
355 1885 491 1935 contendes
501 1887 592 1936 verbis.
1303 1873 1304 1950 l

206 2027 224 2078 h
238 1956 362 2008 Credibile
375 1961 413 2007 cst
427 1956 494 2019 quod
509 1959 545 2007 ita
558 1957 616 2019 legit
628 1959 713 2008 noster
729 1957 869 2020 interpres,
885 1970 937 2008 uon
948 1954 1088 2018 λονομάχεῑν
1099 1961 1165 2010 siout
1177 1956 1260 2022 legitur
1303 1951 1304 2030 l

225 2029 290 2078 odie.
1303 2031 1304 2078 i

240 2103 280 2152 Ad
292 2100 359 2151 nihil
375 2103 440 2152 enim
453 2101 515 2152 utile
527 2107 576 2160 est,
587 2099 638 2152 imo
651 2103 726 2152 nocet
740 2099 869 2161 multum,
883 2103 942 2164 quie
961 2100 1023 2152 hino
1040 2111 1106 2164 saepe
1119 2101 1260 2152 subvertun·
1303 2089 1304 2172 J

208 2183 250 2224 tui·
262 2175 421 2224 audientium
435 2177 543 2236 enimae3

238 2244 862 2306 Tumscandolo,obpertineotum,animositatem
877 2245 1047 2296 eternitatem
1066 2245 1259 2308 disputantium

238 2313 304 2362 Tum
318 2316 414 2362 mutuae
430 2313 560 2363 charitatis
583 2313 738 2362 emlssIonoe
756 2312 907 2364 scinduntur
922 2315 991 2363 enlm
1012 2313 1165 2377 plerumque
1182 2315 1210 2362 in
1223 2313 1260 2362 di-

208 2387 302 2432 uersos·
312 2385 410 2443 portes,
421 2382 498 2443 dtque
514 2385 580 2432 inter
593 2393 635 2431 eos
648 2382 774 2442 schisma,

239 2450 303 2499 'lum
318 2461 402 2498 erroro
414 2451 442 2498 in
454 2461 530 2510 quem
548 2462 613 2512 sepe
626 2449 802 2512 deducuntur,
812 2454 917 2504 veritate
934 2453 1030 2504 seilicet
1048 2451 1144 2508 talibus
1158 2453 1260 2517 rogome-

209 2519 275 2569 ohlls
288 2518 419 2569 obscuratd
430 2519 513 2582 potios
525 2521 601 2580 qudm
612 2517 746 2568 elucldutd.

238 2588 275 2637 Oh
285 2586 331 2636 bes
342 2591 367 2637 et
381 2586 444 2636 allae
457 2589 566 2640 rationes
581 2587 638 2650 tege
647 2588 782 2638 verborum
795 2602 906 2652 pugnem
917 2611 924 2651 ς
936 2590 995 2652 sed,

241 2676 280 2727 tt.
295 2673 408 2726 Sollicite
421 2689 492 2726 euro.
504 2675 547 2726 Gr.
559 2674 640 2726 stude.
666 2671 671 2679 '

241 2752 356 2814 reprom
366 2750 532 2814 probabilem.
544 2751 586 2802 Gr.
600 2750 703 2818 δόκιμον,
716 2755 833 2818 probum,
843 2745 975 2818 pronatum
985 2789 991 2815 ,
1002 2754 1052 2804 Deo
1065 2757 1168 2817 gratum
1179 2770 1259 2823 opem·

206 2823 274 2872 rlum
288 2822 412 2872 exhibere.
984 2831 986 2838 '

237 2895 448 2958 inconfusibilem.
464 2895 508 2948 Gr.
519 2910 571 2946 non
583 2900 779 2959 erubescentem.

237 2965 349 3027 Explicat
360 2965 465 3014 modum
476 2976 526 3026 quo
536 2965 580 3016 dat
590 2967 640 3018 lieo
651 2976 737 3030 matus
750 2973 776 3019 et
786 2968 904 3032 probatus
914 3005 920 3028 ,
932 2979 1023 3030 nempe
1036 2969 1058 3018 si
1070 2982 1124 3020 non
1138 2971 1258 3022 erubescet

208 3033 240 3081 oh
253 3044 356 3081 crucem
373 3033 479 3094 Christi,
491 3034 534 3083 sed
549 3047 606 3086 eam
624 3036 701 3090 libere
713 3039 875 3106 profiteatur,
891 3041 917 3087 et
930 3036 1054 3099 intrepide
1067 3040 1186 3100 praedicet
1202 3042 1259 3091 Gen-

209 3100 298 3148 tilibus
313 3111 369 3148 eum
380 3101 550 3153 irridentibus.

237 3175 308 3224 liceto
319 3178 472 3224 unctantem.
490 3175 533 3226 Gr.
545 3178 612 3230 recte
623 3183 750 3231 secantem
766 3180 890 3242 verbum,
902 3182 951 3230 etc.

235 3242 377 3304 Metophord
392 3243 491 3307 sumpti
504 3245 518 3294 d
530 3249 671 3298 nutricibus
690 3254 714 3299 et
729 3250 889 3313 perentibus,
900 3251 943 3310 qni
958 3261 1050 3311 penem
1064 3255 1153 3301 secent
1166 3255 1192 3302 lo
1207 3263 1258 3314 par-

206 3312 295 3363 ticulas
306 3316 331 3361 et
343 3310 450 3372 ollulas,
467 3317 492 3362 et
505 3314 606 3375 quidem
620 3320 758 3380 unicuique
767 3317 930 3380 parvulorum
941 3329 1045 3367 suorum
1054 3322 1257 3382 proportionatae,

208 3387 235 3430 ut
245 3393 287 3431 ees
299 3381 397 3444 purvuli
408 3381 507 3432 facilius
518 3383 655 3446 deglutient
671 3390 756 3450 eisque
766 3387 927 3447 nutrientem

236 3451 327 3510 ltutu,
349 3453 421 3519 quest
438 3464 529 3518 parens
544 3457 570 3503 et
587 3458 689 3516 nutrix,
701 3467 792 3518 panem
812 3456 871 3502 vltae
883 3491 890 3514 ,
903 3453 1007 3504 verbum
1026 3457 1159 3516 ueritatis,
1175 3459 1258 3508 onium

207 3520 291 3568 othum
303 3556 310 3580 ,
321 3532 394 3580 seca,
410 3519 508 3582 divide,
528 3523 653 3582 quonium
670 3527 761 3585 cuique
773 3530 876 3572 tuorum
895 3525 1028 3584 convenit;
1041 3527 1116 3574 etsie
1135 3532 1257 3583 secatum,

206 3587 335 3702 diliisum,
353 3591 587 3651 pmporti'ouetum‚
604 3593 743 3654 unicnique
763 3589 999 3651 accommodatum,
1011 3603 1122 3654 expone,
1135 3605 1257 3656 pmpone,

207 3667 231 3703 nr
244 3657 331 3704 nistre.

235 3724 300 3774 ,itote
312 3724 351 3774 his
364 3727 391 3775 in
404 3727 487 3776 vorbis
499 3729 547 3777 trin
560 3730 654 3785 monite
667 3732 736 3779 omni
748 3730 917 3780 concionatori
929 3732 1078 3780 necessarie.

238 3791 369 3852 Primum,
386 3797 430 3844 uni
448 3796 498 3844 ileo
512 3796 610 3859 placere
625 3799 739 3859 studeat,
755 3799 902 3860 posthabitis
921 3798 1055 3848 bominum
1069 3799 1189 3860 judiei1s3
1208 3810 1259 3848 ont·

210 3863 291 3978 1¹1¹?th
294 3863 415 3976 nutrrritote
426 3865 582 3928 contempte,
594 3879 674 3916 unum
683 3869 716 3920 stt
729 3867 768 3917 illi
781 3879 863 3927 eure,
875 3867 925 3916 lieo
938 3873 1037 3928 grutem
1050 3879 1078 3917 se
1090 3869 1207 3920 exhibere
1218 3869 1258 3916 mi-

232 3942 251 3978 ts
264 3942 292 3976 ru
322 3962 329 3977 .
