2622 4552
314 265 486 324 intenuit
504 272 728 326 Expostulo.
747 272 830 326 GAP.
848 275 898 328 xl.
1083 275 1139 330 563

73 470 1139 505 ”Qssfflssnssssmmmmmssm

205 654 467 739 ANALYSIS
493 653 703 740 CAPlTlS
726 655 1004 746 UNDECIMI.

70 993 129 1090 Ue
146 1035 281 1090 flebraeos
299 1035 466 1100 Apostolus,
477 1033 556 1101 juxta
573 1047 690 1102 scopum
707 1047 805 1100 suum,
818 1035 849 1088 in
864 1035 918 1090 tide
929 1034 1031 1091 Christi
1041 1048 1135 1090 corro-

65 1120 152 1173 boret
166 1130 276 1184 eosque
289 1116 326 1169 ad
341 1117 436 1169 omnia
452 1116 559 1171 sortiter
572 1117 702 1184 terendo,
720 1121 835 1184 propter
853 1117 936 1172 fidem
955 1118 1133 1184 servandam,

64 1201 192 1264 animet,

105 1285 135 1352 5.
151 1287 181 1336 t.
195 1283 320 1336 lteelnnnt
332 1282 401 1350 quid
413 1283 448 1335 sit
459 1281 546 1347 tides;

101 1367 132 1434 i.
146 1368 175 1418 2.
190 1364 297 1419 Asseris
311 1377 410 1420 omnes
425 1365 557 1432 antiquos
573 1363 798 1432 fldemhehuisse
807 1404 815 1432 ,
825 1372 853 1419 et
868 1365 979 1419 obeam
994 1366 1024 1418 iu
1039 1365 1135 1432 Serip-

64 1450 138 1503 turis
149 1447 279 1502 laudatos
289 1446 386 1502 misse

97 1534 129 1600 i.
145 1535 174 1585 5.
189 1531 261 1597 ipsis
277 1531 401 1586 liebraeis
411 1536 438 1585 et
453 1530 584 1585 omnibus
595 1531 724 1586 fidelibus
739 1532 862 1587 insinuat
876 1537 981 1586 tantam
1000 1531 1066 1586 fidei
1082 1545 1136 1587 ne·
1199 1601 1201 1606 Ι

60 1615 247 1677 cessitatem,
258 1617 290 1666 ut
304 1613 366 1666 sine
385 1613 446 1680 ipsa
466 1627 519 1668 nee
535 1614 625 1681 prima
640 1615 790 1682 Scripturae
808 1616 906 1678 verba,
922 1633 933 1665 ι
950 1619 983 1668 ln
997 1614 1136 1682 principio

62 1718 73 1751 ι
88 1703 170 1754 Deus
182 1694 248 1750 iecit
259 1695 360 1749 eoelum
373 1701 400 1750 ot
409 1700 529 1762 terram,
547 1714 558 1747 i
571 1695 712 1763 possimus
724 1699 886 1766 intelligere.

95 1783 127 1852 i.
137 1784 168 1836 t.
181 1777 367 1846 lnoipienssb
377 1779 460 1843 Abel,
469 1785 596 1847 eiusque
606 1780 643 1833 ad
652 1780 803 1848 prophetas
813 1781 1000 1844 descendens,
1011 1779 1134 1833 ostendit

58 1877 165 1921 omnes
180 1868 293 1918 sanctos
304 1874 355 1931 per
368 1861 452 1916 iidem
464 1862 536 1916 mira
547 1863 680 1930 gessisse,
690 1868 719 1917 et
731 1863 769 1917 ob
783 1863 867 1918 iidem
876 1863 1016 1917 horrenda
1025 1862 1133 1916 sortiter

57 1963 166 2018 passos
187 1961 260 2002 esse.

94 2035 127 2102 i.
142 2034 181 2086 55
193 2037 222 2084 et
234 2030 427 2098 sequentihus,
439 2027 509 2083 miri
519 2028 653 2083 brevitate
664 2034 693 2083 et
704 2030 877 2098 eloquentia,
887 2034 1047 2083 sanctorum
1055 2034 1132 2097 gusta

56 2123 85 2170 et
99 2113 255 2182 passiones
266 2114 404 2181 exprimit.

94 2195 245 2260 Tandem,
258 2196 286 2259 i.
306 2198 342 2250 59
353 2200 381 2250 et
394 2197 431 2250 to
449 2199 528 2248 notat
547 2195 695 2261 Apostolus
713 2194 870 2261 quodlicet
887 2195 917 2248 hi
939 2208 1037 2249 omnes
1056 2199 1132 2247 tanta

55 2279 186 2336 fecerint
199 2283 227 2333 et
236 2278 310 2346 pessi
323 2277 439 2343 inerint,
449 2277 617 2344 promissam
630 2283 724 2331 tamen
735 2277 896 2332 mercedem
908 2291 966 2331 non
979 2283 1058 2342 sunt,
1071 2275 1131 2330 sine

59 2364 155 2419 nobis
169 2360 348 2426 christianis,
361 2360 417 2412 uisi
432 2373 483 2427 per
494 2361 751 2428 spem,·oouseouti.

95 2445 215 2500 Diutius
231 2443 283 2497 tuit
299 2443 352 2497 illis
368 2442 554 2510 exspectanda
568 2460 575 2496 e
589 2443 669 2497 adest
686 2444 753 2498 vero
772 2444 868 2509 nobis;
880 2458 955 2499 nune
966 2445 1041 2500 enim
1054 2449 1132 2513 potet
1248 2506 1253 2514 ,

55 2532 161 2586 aditus
173 2528 309 2583 ooelorum
322 2542 330 2582 ε
343 2540 396 2581 nos
409 2540 475 2596 ergo
488 2527 609 2596 pudeat,
623 2528 648 2581 si
662 2527 797 2582 iussimus
807 2527 1007 2596 pusillanimes.
