2670 4542
179 254 214 304 or
373 251 503 306 natue
522 237 728 306 narsronrn
747 251 796 303 ao
814 249 1044 303 rrtrornoou

180 343 326 396 bominibus
341 345 479 407 orandum;
498 346 542 396 sed
557 345 658 395 tentdm
673 356 719 407 pro
738 343 881 406 aliquibus,
900 345 1040 403 nimirum,
1056 354 1103 404 pro
1113 338 1243 390 salvandis

181 414 297 475 rantum,
314 426 359 476 pro
373 414 499 476 aliquibus
517 427 547 464 ex
560 416 629 463 omni
642 425 752 476 genere,
767 425 812 475 pro
827 412 1030 474 quamplurimis.

212 481 270 532 llaec
286 481 386 543 sequela
402 481 535 532 manifesta
549 487 595 530 est.

212 551 249 599 lix
259 549 317 599 diro
330 549 416 612 Paulo,
430 550 474 601 liei
486 550 604 601 voluntas
614 551 681 600 eirca
694 549 802 599 salutem
812 549 946 598 bominum
954 551 992 596 est
1002 548 1067 596 ratio
1080 558 1127 594 nos
1139 557 1246 594 movens

186 621 207 666 et
219 620 330 669 excitans
345 619 377 669 ad
396 619 521 670 orandum
540 631 586 683 pro
604 622 720 668 omnium
735 617 869 666 bominum
887 616 976 666 salute.

212 687 275 748 Seu,
292 687 364 750 ideo,
385 689 525 740 secundum
546 687 710 752 Apostolum,
730 687 850 737 debemus
867 698 912 748 pro
933 685 1051 734 omnibus
1071 695 1163 743 orare,
1186 683 1247 744 quio

183 754 247 806 licus
262 757 317 806 vuit
336 770 423 808 omnes
442 757 545 808 saivari.

211 825 259 876 Sed
275 838 305 876 ex
320 829 402 889 prima
416 827 636 888 interpretatione,
649 824 715 876 licus
732 825 789 893 ruli
804 823 906 873 tantbm
922 821 1055 871 salvandos
1068 821 1247 882 salvar13ergo

182 897 208 942 et
221 907 266 956 pro
283 894 410 944 salvandis
427 895 528 944 tantdm
547 893 667 944 debemus
685 905 765 942 orere.
819 905 821 908 ·

213 964 248 1012 Ex
264 963 376 1014 secunda
390 963 611 1025 interpretatione,
626 961 693 1012 lieus
707 963 763 1012 ruli
778 961 875 1023 aliquos
892 961 991 1014 tanidm
1012 973 1042 1010 ex
1064 961 1137 1010 omni
1157 972 1248 1020 genere

183 1031 299 1096 homines
319 1030 424 1090 salvari;
439 1041 496 1092 ergo
516 1034 602 1092 cipro
617 1030 744 1092 aliquibus
754 1029 869 1092 tantum,
884 1043 915 1080 ex
929 1031 999 1078 omni
1010 1041 1102 1090 genere
1122 1029 1195 1076 nobis
1210 1033 1248 1076 est

183 1101 318 1150 orandum.
1111 1135 1113 1138 .

215 1170 250 1217 llx
264 1169 338 1218 tertia
355 1171 578 1232 interpretatione,
594 1169 660 1218 Deus
670 1169 726 1219 vult
735 1169 935 1232 quamplurimos
948 1167 1049 1217 tantum
1063 1167 1184 1224 homines
1196 1167 1248 1215 sal-

183 1241 253 1298 rari;
273 1251 330 1300 ergo
346 1243 371 1287 et
387 1251 432 1300 pro
453 1238 647 1301 quamplurimis
663 1239 764 1289 tantdm
780 1250 851 1288 orare
869 1239 998 1287 debemur.
1051 1229 1056 1244 '

215 1307 246 1356 Et
257 1307 304 1357 boc
316 1307 419 1358 collibet
429 1307 528 1356 bomini
542 1307 567 1357 S.
584 1306 692 1356 Paulum
707 1308 801 1356 attente
814 1307 905 1368 legenti
922 1309 956 1356 ita
971 1310 1134 1368 perspicuum
1148 1311 1199 1365 est,
1220 1310 1248 1354 ut

184 1379 237 1438 ipse
252 1377 337 1426 Estius
348 1376 394 1426 has
411 1381 461 1428 tres
476 1378 694 1440 interpretationes
708 1378 805 1437 rejiciat
820 1382 943 1438 tanquam
958 1375 1106 1438 Apostolicae
1119 1379 1201 1425 menti
1223 1383 1248 1423 et

184 1449 299 1496 instituto
311 1457 363 1495 non
377 1457 510 1508 congruae.

214 1515 295 1575 Quia,
311 1517 394 1576 inquit
409 1516 511 1577 listins,
524 1527 627 1565 sensum
639 1515 735 1564 iaciunt
746 1514 814 1564 baud
826 1527 928 1578 prorsus
945 1515 1131 1574 universalem,
1146 1519 1176 1564 ut
1193 1527 1249 1564 ma-

186 1588 306 1634 nii'esttrm
319 1589 372 1645 esi;
386 1585 481 1634 multos
499 1585 568 1634 enim
587 1584 703 1633 homines
721 1589 836 1646 exceptos
857 1584 1018 1646 relinquunt,
1033 1589 1059 1633 et
1074 1583 1182 1646 proinde
1198 1597 1249 1632 non

186 1655 341 1703 conveniunt
356 1654 472 1703 instituto
484 1651 612 1717 Apostoli,
629 1656 673 1714 qui
689 1653 779 1702 docere
790 1653 845 1702 vuit
860 1653 984 1702 orandum
999 1665 1052 1702 esse
1069 1665 1116 1714 pro
1131 1653 1250 1702 omnibus

186 1723 347 1784 bominibus,
365 1725 420 1772 sine
435 1725 590 1785 exceptione.
826 1781 830 1788 .

216 1792 285 1842 adde
296 1791 364 1855 quod
376 1795 410 1842 ita
423 1793 515 1843 dicitur
525 1791 592 1842 Deus
606 1805 693 1843 omnes
705 1792 769 1843 velle
784 1793 866 1843 salvos
879 1793 932 1843 lieri
942 1831 948 1854 ,
960 1799 987 1842 ui
1003 1796 1080 1842 etiam
1092 1793 1151 1844 addi
1173 1795 1250 1854 possit

186 1863 253 1924 quod
264 1864 393 1912 neminem
409 1861 470 1912 velit
483 1863 566 1925 perire
576 1880 584 1922 ;
596 1875 656 1911 nam
676 1866 812 1923 utrumque
825 1865 957 1923 conjunxit
973 1862 1060 1910 Petrus
1081 1862 1210 1924 apostolus
1225 1865 1249 1909 2.

187 1935 259 1996 epist.
278 1936 307 1994 3,
327 1932 414 1984 dicens
428 1932 508 1983 lieum
522 1931 589 1982 nolle
604 1931 705 1994 aliquos
717 1933 815 1995 perire,
827 1933 869 1982 sed
882 1946 965 1981 omnes
976 1933 1010 1981 od
1025 1933 1199 1993 poenitentiam
1212 1945 1250 1981 re-

186 2005 249 2054 verti
261 2023 270 2053 .-
281 2005 351 2064 atqui
363 2003 417 2053 iraec
433 2004 532 2065 negatio
545 2013 596 2051 non
614 2002 704 2064 resipit
719 2001 799 2052 dietas
814 2005 865 2050 tres
880 2003 1115 2062 interpretationes:
1132 2013 1191 2062 ergo
1205 2013 1250 2048 nac

187 2075 229 2123 iiia
244 2073 378 2124 aiilrmatio
390 2091 398 2124 r
410 2073 543 2134 bucusque
557 2072 660 2132 Estius,
680 2083 736 2135 pag.
753 2074 813 2132 iit,
833 2069 882 2120 eol.
896 2073 926 2129 2,
938 2073 1006 2120 cirea
1021 2069 1147 2119 medium.

216 2145 385 2194 Exrnrurron
409 2153 551 2193 cnaaanton
575 2153 785 2191 rnrnnrnnrrrro.
799 2165 832 2176 -
847 2139 896 2190 Sed
915 2139 976 2200 quid
994 2139 1131 2189 dicendum
1150 2141 1182 2190 tle
1203 2140 1251 2188 altri

187 2213 393 2274 interpretatione
411 2210 520 2271 celebri,
541 2210 573 2260 ab
593 2210 682 2268 ilatio,
702 2207 913 2272 quamplurimis,
933 2213 959 2256 ei
981 2208 1084 2270 quidem
1101 2209 1252 2258 doctissimis

186 2283 262 2340 viris,
276 2279 378 2330 laudata
394 2282 419 2327 et
429 2279 565 2341 approbata
574 2279 587 2326 i
596 2277 712 2327 scilicet:

218 2356 283 2402 Deus
299 2353 355 2404 cult
375 2366 457 2402 ornnes
477 2352 588 2402 homines
604 2349 688 2401 solone
706 2351 778 2413 pieri,
803 2352 898 2410 idest,
917 2352 982 2402 lleus
1000 2353 1043 2402 dat
1060 2356 1113 2403 suis
1136 2354 1252 2403 fidelibus

188 2426 265 2472 servis
280 2421 438 2472 voluntatem
448 2421 537 2473 salutis
548 2423 665 2470 omnium
676 2420 820 2471 bominum.

218 2492 267 2540 Seu
278 2527 285 2551 ,
297 2489 363 2540 lieus
377 2487 439 2540 iacit
451 2492 480 2540 ut
490 2489 530 2538 sui
543 2487 629 2543 iideles
642 2491 707 2538 servi
720 2487 800 2538 velint
810 2491 927 2539 omnium
938 2490 1072 2539 bominum
1084 2491 1211 2552 salutem,
1228 2496 1253 2540 et

188 2573 233 2621 pro
248 2559 278 2608 ed
293 2558 409 2608 laborent
425 2561 449 2608 et
466 2561 547 2608 orent.

218 2631 303 2690 ltaque
314 2665 320 2688 ‚
332 2629 466 2689 inquiunt,
484 2628 539 2678 baec
557 2631 709 2692 propositio,
725 2631 792 2678 Deus
801 2630 857 2680 anit
869 2645 951 2681 omnes
967 2631 1077 2680 domimo
1086 2631 1172 2681 saluos
1183 2633 1251 2693 fieri,

188 2701 225 2746 est
239 2697 333 2747 locutio
346 2695 468 2759 musclis,
482 2697 532 2758 quit
542 2697 635 2746 dicitur
646 2697 712 2748 Deus
722 2697 802 2759 velle,
816 2699 857 2749 vel
869 2699 951 2750 iacere
963 2699 989 2749 id
998 2699 1149 2761 quodfacto,
1163 2705 1192 2748 ut
1207 2713 1252 2749 nos

188 2769 235 2830 ipsi
247 2766 354 2818 velimus
369 2770 395 2816 et
406 2765 530 2817 iaciamus
541 2786 548 2818 a
561 2769 627 2817 sicut
639 2767 712 2818 Rom.
728 2771 761 2828 8,
775 2767 868 2818 dieitur
884 2768 991 2831 Spiritus
1004 2772 1108 2818 sanctus
1125 2768 1252 2831 postulare

190 2837 324 2898 gemitibus
336 2835 562 2895 inenarrabilibus,
579 2837 639 2896 quia
658 2835 719 2884 facit
732 2840 832 2886 sanctos
847 2839 881 2886 ita
894 2836 1034 2899 postulare;

220 2905 290 2954 lianc
306 2905 541 2966 interpretationem
555 2903 687 2963 hucusque
705 2907 827 2954 reveritus
847 2918 920 2966 sum,
939 2907 998 2966 quia
1013 2906 1093 2956 doctis
1112 2910 1138 2955 et
1159 2908 1253 2956 sanetis

190 2976 282 3036 pariter
295 2974 357 3021 viris
375 2977 520 3034 usurpatur.

220 3043 268 3106 Seri
280 3053 349 3090 nunc
359 3043 492 3091 veritatem
506 3045 533 3090 in
547 3041 680 3104 semetipsi
693 3057 817 3106 quere-ns,
831 3049 924 3096 nonin
939 3047 1073 3096 bominum
1083 3049 1252 3107 auctoritate,

218 3112 308 3170 Nunc,
325 3112 446 3170 inquam,
459 3109 488 3158 b.
502 3109 574 3158 Pauli
594 3116 706 3160 mentem
720 3114 748 3162 in
766 3115 818 3162 suis
837 3117 944 3176 propriis
957 3114 1039 3164 verbis
1058 3120 1082 3163 et
1097 3118 1252 3176 argumentis

103 3225 106 3229 .
189 3183 364 3243 perscrutans,
382 3190 434 3228 non
450 3181 476 3228 ln
490 3178 580 3228 alienis
594 3181 829 3232 ratiocinationibus
839 3220 846 3244 ,
857 3187 902 3232 aut
912 3184 1080 3246 prejudiciis,

218 3247 397 3299 animadverto
409 3246 475 3298 banc
487 3249 721 3312 interpretationem
742 3249 750 3314 (
766 3252 816 3300 nisi
832 3255 917 3300 nostra
930 3251 1000 3314 priris
1014 3251 1165 3301 adhibeatur
1180 3251 1188 3314 )
1201 3265 1252 3300 esse

190 3320 205 3367 d
218 3319 247 3367 ll.
261 3316 333 3367 Pauli
347 3319 433 3366 mente
446 3316 573 3377 alienam
585 3319 621 3366 sic
633 3319 703 3366 enim
715 3323 886 3379 argumentor.

222 3389 290 3438 ilens
302 3387 332 3437 b.
351 3385 423 3436 Pauli
440 3387 496 3437 baee
511 3391 567 3437 est:
585 3387 644 3437 Vult
661 3392 686 3437 et
703 3388 804 3438 ordinat
815 3392 844 3438 ut
855 3391 881 3438 in
893 3389 1001 3440 Ecclesia
1014 3395 1099 3440 oretur
1109 3405 1157 3454 pro
1169 3395 1251 3442 omni-

191 3457 237 3504 bus
250 3469 351 3518 prorsus
367 3456 535 3506 bominibus:
552 3455 601 3515 boc
617 3460 671 3518 jam
691 3459 766 3519 supra
779 3461 947 3508 monstratum
961 3465 1007 3509 est.
1317 3471 1318 3474 ’

223 3525 254 3572 tit
266 3524 351 3574 iideles
371 3527 462 3576 excitet
475 3525 608 3588 Apostolus
624 3526 657 3575 ad
674 3525 798 3576 orandum
817 3539 863 3588 pro
885 3528 1002 3578 omnibus
1020 3541 1123 3590 prorsus
1140 3528 1252 3579 bomini-

88 3619 91 3630 ·
191 3592 256 3652 bns,
270 3593 378 3642 aiilrmat
389 3595 425 3644 eis
440 3593 507 3655 qudd
522 3593 577 3644 baec
595 3596 674 3644 oratio
692 3595 742 3644 lieo
759 3599 828 3656 graia
841 3597 874 3644 sit
889 3599 913 3644 et
928 3601 1044 3658 accepta,
1057 3601 1146 3659 utpote
1162 3599 1253 3648 divinae

190 3661 316 3710 voluntati
330 3662 482 3724 conformis,
501 3665 561 3724 quia
573 3663 639 3713 bens
655 3666 725 3726 ipse,
740 3665 784 3726 qui
800 3664 919 3715 Salvator
938 3673 1019 3716 noster
1034 3672 1080 3723 eet,
1101 3668 1158 3716 cuit
1176 3670 1252 3718 etiam
1317 3669 1318 3680 ¹

193 3742 276 3778 ornnes
288 3728 396 3778 immines
406 3732 489 3782 solvor
500 3733 564 3795 teri.

222 3797 292 3847 liena
309 3798 395 3858 itaque
407 3799 437 3849 li.
454 3799 525 3850 Pauli
541 3805 595 3860 est,
612 3801 678 3864 qudd
697 3813 741 3864 per
756 3803 805 3852 hoc
824 3806 938 3854 nostrum
956 3808 1044 3854 votum
1061 3807 1127 3855 cirea
1146 3805 1251 3853 salutem

197 3868 328 3982 orntnium,
335 3864 432 3982 t(livinae
448 3869 632 3926 conformamur
650 3869 789 3932 voluntaii3
803 3872 913 3942 trinoque
923 3875 972 3924 lieo
983 3878 1051 3936 grata
1065 3877 1090 3921 ei
1102 3879 1206 3935 accepta
1216 3879 1252 3922 est

193 3946 382 3983 mmmm
