2622 4552
189 297 242 348 590
479 293 684 352 uutslolm
703 293 752 344 Ab
770 291 962 344 HEBRAEOS

191 401 242 437 non
258 389 410 448 accessistis,
427 388 527 453 sedper
540 387 789 451 ildemetliaptlsma
812 392 936 440 montem
955 384 1133 440 eteivitatem
1149 381 1233 436 beisi-
1302 417 1303 436 r

190 458 326 507 iissfflssflfl
349 457 442 508 ³1¹¹OE
468 457 499 509 0⁶
519 459 718 522 imnum·
738 453 789 518 (1⁰⁶
813 464 919 528 ventis,
932 462 1085 518 Jerusalem
1095 461 1235 522 ooelestem,
1302 457 1303 524 ᾖ

189 526 270 585 magis
283 523 439 586 spirituales,
452 525 487 575 ad
501 525 659 606 spiritualem
675 528 789 574 montem
812 545 840 594 et
849 541 1001 592 multorum
1013 538 1130 592 millium
1140 536 1236 604 angero.
1302 577 1303 590 ,

189 591 267 652 Sion,
281 591 452 644 suclvltstem
463 592 508 643 liei
516 596 638 654 viventia,
650 591 789 642 Jerusalem
812 631 874 671 rum
885 616 1086 684 frequentiam,

189 659 313 712 coelestem
322 660 376 722 ,ad
394 660 619 711 innumerabilium
637 659 789 722 Angelorum

189 732 298 788 coetum

221 796 259 847 Aa
270 795 408 847 Ecclesiam
419 794 787 860 apostolorumetmartyrum,
846 795 892 845 25.
913 795 946 845 Et
965 791 1116 845 Ecclesiam
1132 787 1236 857 primiti-

187 867 380 930 primorumque
402 865 495 916 Christi
514 865 627 914 fidelium
640 865 684 925 (1111
699 864 789 926 primi-
812 885 913 924 vorum
924 871 974 938 qui
985 869 1137 937 congel-imi
1148 869 1235 922 guntin

187 939 236 986 tias
257 935 369 999 Spiritus
387 937 553 996 acceperunt;
566 933 724 996 quippelam
736 931 789 982 vita
811 947 901 1012 coeps,

190 1003 285 1064 iuncti,
296 1006 402 1064 regnant
417 1005 444 1052 tn
456 1001 542 1063 eelim

221 1070 258 1120 Ad
281 1069 393 1130 judleem
419 1070 599 1120 universarum
628 1069 725 1131 mum,
747 1071 788 1120 cni
813 1075 841 1124 et
860 1069 987 1124 Judicem
1004 1067 1129 1121 omnium
1146 1070 1233 1130 licum

187 1141 309 1192 charitate
318 1140 384 1188 unltl
398 1140 478 1198 estla;

218 1210 256 1259 Ad
265 1210 369 1271 spiritus
381 1207 583 1272 patriarcharum
592 1245 600 1269 ,
609 1207 789 1270 prophetarum
812 1214 839 1262 et
851 1207 1110 1276 spiritusJ‘ustorum
1119 1205 1236 1274 perlecto

191 1285 217 1330 et
230 1281 346 1330 omnium
356 1279 569 1340 sanctorum,qui
582 1289 627 1340 per
636 1277 713 1327 tidem
723 1278 789 1326 mlra
811 1301 892 1352 rum,

189 1349 285 1414 operati
296 1352 321 1397 et
329 1348 396 1410 passi
407 1351 484 1407 sunt;

220 1419 258 1468 Ad
278 1421 337 1468 nort
349 1417 503 1468 Testamenti
520 1416 666 1480 pontitloem
683 1417 788 1480 lesum,
847 1419 893 1468 tl.
923 1418 955 1468 Et
985 1413 1154 1466 Testamenti
1185 1411 1238 1464 nevi

190 1491 248 1549 cui,
260 1486 332 1543 velut
344 1487 459 1538 membra
471 1489 566 1550 capiti,
580 1487 733 1550 incorporati
750 1499 790 1538 es·
812 1493 993 1548 mediatorem
1011 1495 1123 1556 pesum,
1142 1496 1169 1542 eg
1184 1505 1239 1542 san.

191 1681 257 1720 nova
270 1666 427 1730 promulgata
445 1669 483 1717 est
499 1667 527 1715 ln
541 1665 582 1716 die
597 1665 771 1725 pentecostes,
787 1679 832 1728 per
848 1665 996 1716 descensum
1008 1655 1118 1727 Spiritus
1134 1665 1208 1714 saneti
1218 1665 1240 1712 in

189 1736 359 1855 Αρὲῗοῗὲὲῗᾷω
374 1803 485 1866 intelllge
500 1807 557 1852 tum
568 1801 737 1865 militantem,
751 1807 807 1854 tum
818 1803 1028 1867 triumphantem.

220 1891 253 1939 ut
261 1888 386 1942 auruum
399 1886 447 1936 Dea·
463 1887 582 1945 eiramis,
598 1885 739 1936 Jerusalem
752 1886 884 1944 coeleoem,
899 1885 925 1934 id
938 1890 992 1944 est,
1004 1883 1037 1933 ad
1046 1883 1185 1934 Jerusalem
1198 1896 1242 1933 eu-

191 1958 294 2017 leatem,
307 1967 363 2017 quaa
373 1959 411 2004 eet
421 1956 510 2004 civitas
522 1954 566 2004 llei
577 1956 703 2015 viventis;
715 1956 750 2004 ita
761 1953 854 2004 dieitur
864 1991 872 2014 ,
883 1957 942 2016 quia
957 1955 1022 2002 Deos
1033 1953 1108 2002 illias
1118 1960 1154 2003 est
1165 1957 1242 2003 auctor

191 2033 215 2078 et
227 2026 335 2090 artifex,
350 2030 378 2075 ut
389 2025 485 2076 dictum
496 2029 534 2074 est
545 2025 638 2087 supn,
653 2037 708 2087 cap.
725 2028 770 2085 tl,
785 2036 812 2074 n.
828 2027 866 2074 ¹6.
952 2073 955 2080 ,

221 2107 252 2156 ut
267 2103 406 2154 maltorum
419 2102 539 2154 millium.
556 2101 599 2152 Gr.
611 2101 752 2164 llyriadum
763 2099 916 2162 Angelorum
927 2100 1103 2164 frequentiam.
1114 2099 1159 2150 Gr.
1175 2107 1243 2153 susa-

189 2189 251 2236 napw
262 2204 271 2232 ‚
282 2173 309 2223 ld
319 2175 357 2222 est
368 2208 375 2232 ,
391 2171 515 2222 celebrem
530 2183 560 2221 ae
571 2170 657 2220 laetum
670 2174 834 2220 conuentum.

220 2243 359 2305 opponitur
372 2239 416 2289 irie
428 2238 549 2300 gaudium
561 2243 586 2288 et
597 2239 683 2288 latitia
696 2238 865 2300 Angelorum,
879 2235 992 2302 fulgetris
1004 2251 1035 2290 ae
1047 2241 1170 2291 tonitruis
1182 2251 1242 2290 mon

192 2313 224 2362 tis
235 2312 295 2361 Sina
310 2321 355 2371 per
372 2307 478 2369 Angelos
488 2307 520 2357 ad
532 2313 653 2357 terrorem
664 2309 786 2358 excitatis.

180 2393 191 2404 ’
225 2397 264 2443 23.
276 2395 309 2441 Et
325 2389 463 2440 Ecclesiam
479 2391 677 2452 primitivarum.
690 2390 733 2441 Gr.
746 2392 972 2453 primogenitorum
981 2410 989 2451 ς
1008 2390 1035 2439 ld
1049 2394 1101 2450 ests
1121 2391 1172 2440 ute
1187 2389 1241 2440 uniti

194 2465 254 2512 ostis
271 2471 330 2510 cum
345 2457 485 2522 Apostolis,
502 2459 668 2519 martyribus,
682 2461 821 2521 primisque
841 2457 935 2508 Christi
949 2458 1065 2510 fidelibus
1078 2459 1134 2509 rita
1149 2459 1242 2510 lunatis.

218 2529 378 2590 primogeniti
390 2527 511 2577 dieantur
521 2527 632 2589 Apostoll
643 2563 651 2587 ,
664 2529 725 2590 quta
742 2529 819 2590 primi
832 2525 848 2576 A
861 2525 960 2578 Christo
977 2529 1130 2590 regenerati.

218 2600 342 2650 Primttivl
353 2635 360 2658 ,
372 2597 432 2658 quie
444 2597 569 2658 primitias
582 2600 607 2645 et
616 2594 798 2646 abundantiam
810 2594 917 2658 Spiritus
927 2599 1090 2657 aeceperunt.

220 2673 269 2736 Qut
284 2671 418 2734 conscripti
427 2675 485 2719 sant
493 2670 522 2719 ia
537 2669 620 2728 celis,
629 2669 656 2718 ld
667 2673 718 2730 est,
730 2680 839 2730 quornm
852 2681 904 2718 non
916 2671 1021 2718 nomina
1035 2667 1141 2719 tantum
1153 2671 1211 2720 suut
1220 2669 1242 2716 ln

191 2746 254 2795 libro
268 2743 344 2802 vite,
356 2739 400 2790 aeti
414 2744 439 2790 et
453 2742 500 2802 lpsl
511 2743 569 2789 actu
583 2742 608 2788 et
618 2739 699 2802 reipsa
710 2742 816 2800 regnant
833 2740 861 2787 in
877 2738 955 2788 emtis.

216 2821 248 2868 lit
257 2817 369 2880 jadicem
387 2815 500 2866 omnium
517 2815 606 2864 Deum.

216 2888 268 2936 lloe
279 2885 373 2935 dleltnr
385 2896 437 2932 non
453 2881 486 2932 ad
496 2885 634 2943 terrorem,
646 2881 690 2932 sed
705 2881 738 2931 atl
749 2879 955 2932 consolationem.

217 2954 360 3006 Accesststts
374 2963 420 3014 per
431 2949 507 3000 iidem
522 2954 548 3000 et
567 2951 717 3001 charitatem
730 2949 764 3001 ael
780 2950 880 3011 Deum,
896 2953 938 3002 eui
953 2951 1032 3012 grette
1050 2950 1148 3002 christi
1163 2963 1242 3002 recon-

191 3022 269 3074 ciliati
280 3022 357 3078 estis,
373 3020 414 3068 eui
429 3017 551 3068 charitate
562 3021 627 3069 unltl
641 3021 709 3069 estis.

219 3089 334 3140 Charitas
352 3092 438 3137 autem
458 3092 496 3137 est
514 3089 629 3151 quadam
645 3089 759 3140 hominis
770 3103 828 3140 eum
840 3090 890 3139 bea
901 3091 1031 3149 amieitiu;
1049 3089 1150 3140 Judieis
1168 3093 1242 3151 itaquo

186 3161 262 3209 uestri
278 3157 337 3207 laeti
351 3157 410 3206 estis
423 3157 510 3206 amiel.

218 3235 250 3284 ut
261 3232 367 3296 spiritus
374 3230 503 3293 laetarum
511 3230 694 3295 perfectarum,
704 3245 762 3293 seu,
774 3237 803 3283 ut
812 3233 948 3296 aitSyrus,
962 3234 1005 3294 out
1019 3233 1126 3296 perlecti
1138 3233 1241 3283 ttrerunt

217 3303 329 3366 intellige
344 3303 442 3350 animas
457 3301 676 3363 patriarcharum,
692 3301 872 3366 prophetarum
889 3306 914 3352 et
929 3306 1095 3364 sanatorum,
1116 3304 1242 3366 dequibus

188 3379 214 3426 in
234 3376 315 3438 eapite
330 3371 499 3436 praecedenti,
519 3373 563 3434 qut
581 3382 626 3434 per
645 3371 721 3422 fldem
737 3374 802 3422 mira
819 3375 950 3434 gesserunt
961 3391 969 3421 e
981 3371 1025 3422 sed
1039 3377 1099 3422 ante
1122 3373 1242 3424 Christum

186 3458 238 3495 non
249 3441 418 3494 consummati
429 3439 546 3502 luerunt,
560 3445 588 3490 ut
599 3439 695 3490 dietum
708 3445 746 3490 est
757 3442 804 3502 lbi,
817 3455 844 3490 n.
859 3443 897 3491 to.

215 3513 281 3564 tium
301 3513 342 3562 bls
356 3510 473 3561 amnibus
484 3511 629 3559 societatem
641 3509 764 3561 habemus
775 3547 782 3572 ,
792 3513 851 3573 quin
868 3509 981 3571 ejusdem
999 3509 1121 3562 Ecclesiae
1137 3512 1241 3562 membra

190 3593 295 3640 sumus,
314 3581 388 3639 cuius
407 3579 483 3640 eaput
503 3580 540 3626 est
554 3575 677 3627 cbristus.

217 3666 256 3713 tt.
268 3663 300 3711 llt
320 3658 466 3710 Testamenti
473 3659 532 3708 acar·
542 3659 704 3708 mediatorem
719 3657 817 3709 iesum,

218 3729 346 3788 beatam,
365 3725 398 3775 ad
413 3725 514 3785 lesum,
536 3725 629 3776 lilium
648 3726 708 3786 lici,
725 3729 784 3775 navt
804 3730 830 3776 et
846 3727 933 3776 aeternt
952 3727 1108 3778 Testamenti
1125 3731 1241 3780 merlinc

188 3808 259 3854 rem;
275 3799 334 3855 cul,
349 3798 471 3854 tanquam
488 3795 601 3844 membra
619 3795 710 3858 cupiti,
728 3797 879 3858 incorporati
895 3797 963 3844 eatis.

218 3870 250 3918 ut
264 3868 396 3928 sanguinis
410 3867 585 3928 aspersionem.
605 3867 647 3917 Gr.
664 3870 811 3929 sanguinem
829 3869 995 3932 aspersionis,
1012 3867 1038 3918 ld
1058 3875 1112 3932 est,
1137 3872 1170 3922 ad
1188 3884 1243 3923 aau-

192 3937 293 3994 guinem
304 3933 396 3984 consti
409 3946 483 3998 super
499 3947 545 3986 nos
561 3935 670 3986 ellurum
686 3940 711 3985 et
723 3948 861 4000 aspersum.
