2622 4552
267 279 441 332 rnrerax
460 277 684 334 nxnosrrlo.
705 281 787 350 cor,
807 284 872 335 xn.
1050 281 1102 334 aas

46 367 103 432 cuis
123 369 197 422 enim
220 371 291 425 titius
315 389 399 440 quem
423 389 479 428 non
534 373 594 434 Quis
613 376 683 426 enirn
703 387 839 436 germanus
863 373 1101 438 arianonorum-

45 445 152 510 corripit
168 447 269 511 pater?
503 443 604 504 quando
615 448 686 506 pater
698 456 749 494 neu
765 447 907 507 corripiare

75 524 100 575 8.
119 523 201 584 Quod
218 525 241 576 si
263 531 340 582 extra
359 525 482 594 discipli·
533 526 603 588 Qudd
618 529 639 576 si
651 528 683 589 ,e
698 531 801 588 contra,
813 527 906 588 absque
922 530 1094 590 castigatione,

45 611 103 650 nam
122 601 205 666 estis,
227 603 307 670 cujus
332 605 481 670 participes
503 607 558 656 qua
569 597 761 647 omnibusrcris
772 596 886 647 licitiltis
900 601 937 646 est
949 602 1099 657 communis,

43 673 99 727 iacti
113 684 180 729 sunt
192 692 290 731 omnes
303 697 311 732 ι
325 695 391 747 ergo
405 680 481 733 adul·
503 668 577 746 estis,
597 671 643 715 aut
663 679 717 716 asse
736 669 846 730 cupitis,
868 678 925 728 ergo
947 665 1099 726 adulterini,

44 753 106 816 teri,
121 760 149 805 et
167 768 225 806 non
243 755 290 807 filii
303 758 380 810 estis·
503 737 581 797 spani
592 739 617 783 et
625 734 748 798 illegitimi
760 737 829 784 estis.

73 832 98 881 9.
126 827 234 884 Deinde
254 838 347 898 patres
367 831 480 900 quidem
533 832 565 882 ut
579 834 657 894 sane,
676 836 699 884 si
720 838 836 898 parentes
858 834 873 884 a
895 834 985 898 quibos
1010 845 1101 896 eorpus

42 906 128 958 cornis
142 913 246 962 nostrae
259 909 415 962 eruditores
428 909 480 962 ha.
502 901 601 950 tantum
612 901 748 961 habemus,
758 904 817 952 crim
828 917 873 954 noa
884 905 911 952 in
925 903 1032 965 pueritia
1048 914 1101 948 cas-

43 983 158 1050 bupmus,
170 985 401 1042 &reverebamur
411 1000 477 1040 eos:
502 972 620 1087 tigorelrtrit,
630 983 682 1020 non
695 971 770 1020 modo
786 973 851 1034 passi
864 968 1100 1030 sumus,sedctia1n

42 1106 93 1144 '¹⁰¹¹
113 1094 202 1146 multo
225 1095 313 1163 ”¹³6¹ss
333 1094 478 1161 ⁰¹¹¹⁰¹¹¹I¹0·
503 1051 629 1170 reii‘irrant’o
643 1111 739 1168 aquius
751 1113 779 1159 ut
789 1111 849 1170 Deo,
860 1109 928 1158 Patri
937 1107 1100 1168 cmiesii,non

42 1171 159 1223 rahimus
177 1172 253 1224 Patri
271 1172 434 1238 spirituum,
449 1179 480 1227 et
502 1190 636 1240 corporum
656 1180 850 1238 tantummodo,
865 1178 908 1226 sed
926 1181 948 1224 ct
966 1179 1100 1238 spirituum

42 1248 183 1300 citemus?
502 1252 645 1296 nostrorum
668 1251 779 1307 auctori,
801 1249 972 1308 subiciamur,
993 1261 1101 1308 cumque

502 1329 548 1364 nos
566 1317 745 1376 corripientem
773 1329 947 1373 revereamur,
967 1315 1026 1364 crim
1047 1316 1100 1364 hcc

502 1386 556 1443 eius
579 1385 703 1482 copreptio
722 1386 801 1432 vitam
818 1384 890 1434 uobis
909 1385 991 1446 pariat
1009 1387 1101 1445 sempi-

73 1515 117 1564 10.
132 1514 166 1562 Et
177 1512 215 1563 ilii
228 1511 342 1577 quidem
356 1512 386 1565 in
406 1517 479 1564 iem·
501 1454 600 1568 tertii?
609 1485 638 1567 co
662 1525 775 1582 aquius3
796 1521 862 1582 quod
884 1527 999 1584 parentes
1020 1523 1099 1572 nostri

70 1720 131 1778 Quia
145 1724 180 1768 eet
188 1718 259 1780 fitius
271 1733 342 1782 queem
356 1735 406 1770 uon
422 1721 529 1783 corripit
539 1723 632 1782 puter?

67 1803 90 1849 8.
107 1799 181 1858 Qudd
193 1803 217 1849 ci
228 1807 297 1850 ccicc
309 1803 469 1864 disciplinam
487 1803 552 1850 estis.
564 1801 607 1850 Gr.
622 1803 643 1851 si
656 1805 742 1850 autem
753 1802 813 1850 estis
825 1799 917 1861 absque
928 1798 1068 1861 disciplina.

67 1869 94 1916 id
110 1873 164 1928 est,
176 1867 269 1929 absque
281 1872 443 1932 castigatione
455 1883 511 1932 quae
524 1871 668 1918 communis
679 1872 717 1918 cst
728 1869 844 1918 omnibus
855 1871 921 1916 veris
934 1867 977 1916 Dei
989 1866 1057 1917 tiliis.

70 1945 134 2004 Erpa
144 1943 264 1992 adulteri.
274 1943 317 1994 Gr.
329 1947 416 2006 utique
425 1945 500 1994 nothi
512 1946 580 1992 estis.
596 1943 653 2006 Syr.
670 1945 780 1992 extranei
793 1946 818 1990 et
827 1955 879 1992 non
891 1941 947 1992 iiiii.
1000 1945 1003 1952 ’

67 2040 225 2090 occearano
243 2052 441 2092 consummare.
452 2066 484 2077 -
493 2041 526 2090 ut
537 2039 610 2088 obiiti
625 2039 681 2088 estis
695 2039 899 2088 consolationes...

66 2110 182 2170 Quinque
198 2109 376 2161 consolationis
389 2113 500 2162 rationes
512 2111 539 2158 tn
555 2108 732 2160 afflictionibus
742 2112 793 2158 tuis
802 2109 912 2158 adverto.

66 2179 195 2236 Primam,
207 2177 271 2228 Deus
282 2214 289 2238 ,
300 2182 328 2227 ut
341 2183 412 2240 pater
424 2178 591 2230 afflictionum
604 2181 749 2228 nostrarum
759 2181 796 2226 est
811 2181 913 2237 auctor,
925 2191 952 2227 n.
967 2178 991 2228 5.

67 2245 224 2305 Secundam,
235 2245 278 2294 iiei
291 2248 436 2308 castigatio,
449 2246 543 2294 amoris
555 2246 609 2304 ejus
625 2247 723 2307 paterni
735 2245 847 2308 probatio
860 2248 914 2306 cst,
927 2259 953 2294 n.
970 2250 995 2296 u.

65 2319 193 2376 Tertiam,
205 2314 347 2377 adoptionis
359 2320 450 2364 nostrat
464 2315 642 2364 testimonium
654 2317 704 2374 est,
719 2327 746 2363 u.
764 2319 788 2366 7.

66 2385 202 2446 Quartam,
218 2383 359 2446 adoptionis
372 2387 464 2434 nostra
481 2383 593 2434 conditio
615 2386 773 2444 neccssaria;
790 2385 850 2445 quia
866 2383 966 2434 nullum
977 2386 1041 2435 Deus
1053 2386 1098 2436 ad·

35 2459 106 2518 optat
118 2465 172 2502 non
189 2455 354 2514 castigatum,
368 2456 394 2501 et
411 2453 444 2502 ab
460 2463 489 2502 eo
508 2464 561 2502 nou
575 2453 689 2514 castigari
702 2489 709 2512 ‚
721 2455 848 2516 reprobari
870 2457 907 2504 est
922 2459 951 2504 ut
965 2458 1099 2518 spurium,

37 2538 109 2574 num.
122 2527 148 2572 6.
412 2556 417 2562 -

67 2593 207 2654 Disciplina
227 2593 316 2654 prohat
333 2593 457 2654 legitimos
478 2594 523 2642 Dei
537 2593 602 2644 tilios
622 2596 646 2641 et
666 2593 680 2641 a
699 2594 791 2655 spuriis
808 2592 942 2652 discernit,
955 2596 1020 2643 sicut
1042 2595 1100 2643 sotis

34 2669 153 2728 aspectus
169 2665 302 2714 intuitivas
315 2664 397 2726 pullos
409 2663 499 2724 aquiiae
511 2663 634 2724 legitimos
645 2663 776 2722 distinguit
787 2663 819 2710 ab
836 2662 981 2724 illegitimis.

65 2734 203 2794 Quintam,
218 2735 386 2793 castigationis
399 2733 501 2782 tristttia
518 2733 566 2779 crit
582 2731 669 2780 aeterni
687 2730 771 2791 gaudii
792 2729 847 2780 tons
865 2735 890 2778 et
908 2743 983 2780 causa
994 2767 1001 2790 ,
1011 2745 1037 2780 n.
1053 2739 1075 2780 tt
1092 2753 1099 2793 t

34 2802 166 2862 castigatio
183 2798 334 2860 utilissima,
346 2813 373 2851 n.
387 2803 425 2850 ro.

65 2869 104 2920 Ad
119 2870 175 2918 hacc
187 2870 286 2918 attende
298 2871 412 2932 patiens,
429 2870 455 2918 et
473 2867 678 2928 quandoquidem
692 2866 757 2916 Deus
776 2871 800 2916 te
817 2870 954 2928 castigans,
967 2882 993 2918 se
1004 2870 1049 2919 tibi
1070 2876 1099 2918 ut

33 2939 87 2989 tilio
105 2941 205 3002 patrem
225 2938 340 2999 exhibet,
354 2943 379 2987 ct
392 2943 421 2988 tu
438 2940 571 2999 casttgatus
589 2936 695 2986 subdere
714 2939 886 2998 ei‚tanquam
906 2937 974 2990 tilius
985 2976 992 2998 ,
1004 2941 1098 3002 optimo

32 3011 102 3072 patri
114 3028 120 3058 ι
133 3007 181 3070 tici
195 3005 311 3058 voluntas
323 3015 367 3058 tua
376 3010 441 3059 sicut
451 3009 479 3058 tn
491 3007 551 3058 coeio
561 3012 582 3056 et
591 3007 618 3056 in
631 3012 707 3057 terra.
738 3047 741 3052 .
772 3023 774 3028 ·

42 3081 45 3086 ’
65 3101 90 3145 9.
100 3095 194 3144 Deinde
204 3101 288 3157 patres
308 3097 391 3146 ccrctc
402 3101 521 3146 nostru...
541 3095 568 3144 id
588 3097 640 3155 est,
651 3098 735 3157 patres
753 3094 767 3144 a
783 3094 874 3156 quibus
887 3108 989 3146 carnem
999 3099 1100 3150 tautum

32 3165 176 3223 hahemus,
190 3175 243 3212 non
254 3166 377 3214 animam.

65 3238 216 3287 Eruditorca
231 3237 377 3287 habuimus.
390 3238 433 3288 Gr.
451 3241 620 3298 castigatores.

65 3307 264 3368 Argumentatur
274 3306 288 3354 a
297 3308 390 3356 minori
404 3306 437 3356 ad
454 3310 538 3366 majus
555 3327 561 3356 ι
575 3309 595 3356 si
608 3311 723 3368 parentes
739 3308 865 3368 carnales,
876 3308 935 3356 cum
950 3319 996 3358 nos
1011 3307 1098 3369 ipoc-

29 3377 93 3425 ritia
107 3377 340 3437 castigarent‚cum
356 3378 497 3426 reverentia
510 3380 535 3424 et
544 3378 635 3425 timore
650 3377 770 3436 tuiimus,

65 3449 145 3500 unito
161 3452 259 3511 magis,
274 3449 301 3498 id
314 3453 364 3510 est,
376 3450 471 3512 quanto
483 3451 563 3509 magis
572 3487 579 3509 ,
588 3449 628 3498 vel
642 3449 723 3498 multo
731 3452 838 3510 iustius,

66 3523 302 3586 obtemperabimus
313 3525 389 3573 Petri
397 3525 551 3586 spirituum,
561 3522 586 3570 id
600 3527 652 3583 est,
662 3523 711 3572 lieo
723 3525 867 3572 animarum
879 3527 1022 3572 nostrarum
1030 3535 1100 3572 crcu-

28 3595 82 3642 tori
95 3630 101 3653 ,
114 3594 220 3652 ejusque
232 3594 412 3642 correctionem
423 3597 565 3641 reverenter
578 3590 696 3640 ieramus.

50 3671 99 3785 liii
116 3667 240 3716 vivemus.
253 3665 309 3728 Syr.
329 3672 357 3714 ut
373 3668 489 3716 vivamus
500 3702 507 3726 ,
520 3665 546 3714 id
561 3667 615 3724 est,
630 3677 699 3713 nunc
718 3664 769 3713 rita
787 3665 885 3724 gratia,
901 3663 1035 3726 aliquando
1048 3666 1101 3720 riti

30 3749 89 3797 gor
102 3749 133 3788 ae.

56 3827 106 3876 id.
119 3827 153 3875 ut
166 3823 322 3886 tritonidem
335 3826 363 3873 tu
374 3829 483 3886 tempore
496 3835 636 3886 paucorum
651 3821 757 3870 dicrum.

65 3896 147 3944 instat
163 3895 191 3944 in
203 3893 291 3943 cadem
307 3895 495 3955 comparatione
508 3896 533 3941 ot
548 3895 619 3952 urget
629 3892 661 3938 ah
675 3890 740 3939 utili.

64 3971 97 4018 Et
111 3967 153 4018 itti
165 4005 173 4026 ,
186 3967 274 4026 idest,
287 3969 403 4029 parentes
414 3968 494 4016 nostri
509 3965 622 4016 carnales
636 3965 796 4023 erudiebant,
812 3977 854 4015 seu
876 3967 1028 4028 castigabant
1039 3983 1099 4036 aas,

180 4048 220 4088 ιιι.
912 4044 941 4090 ti
