2612 4542
192 313 245 366 als
386 309 515 362 PRlilAE
534 303 737 360 srlsdolm
755 303 804 354 ΔΙ)
823 295 1052 352 illiorudilll

222 402 364 454 Neeessoria
383 415 441 464 ergo
462 402 596 460 habentes,
607 399 675 462 patei
695 395 788 448 seilicet
846 397 872 448 8.
883 392 1021 448 hahentes
1033 391 1126 441 autem
1139 381 1251 436 alimen·

192 478 217 524 et
231 475 293 536 tegi,
304 472 345 522 his
356 473 467 522 contenti
480 483 577 522 sumus.
810 477 856 536 ta,
878 475 905 523 et
926 467 1028 536 quibus
1052 471 1193 530 tegamur,
1209 457 1251 510 his

811 547 935 602 contenti
949 557 1055 598 sumus.

222 641 285 692 Nam
293 640 338 701 qni
349 637 439 688 volunt
451 635 506 686 lieri
517 635 606 686 divites
615 635 790 695 ,arsrltlaepus
845 629 872 680 9.
889 627 957 677 Nam
971 621 1020 689 qui
1036 618 1133 672 volunt
1149 612 1251 704 'divites

194 709 344 768 student,ln
356 709 439 756 varias
451 703 568 754 incidunt
578 703 699 764 peccandi
711 705 790 752 tenta·
812 702 881 766 fieri,
889 697 1049 754 inciduntin
1058 698 1250 752 tentationem,

194 779 289 835 tiones,
309 773 401 836 quihus
419 772 491 834 quasi
509 769 604 820 retibus
623 768 790 831 illaqueantur
813 769 1155 844 etinpaqueumdpab011‚
1170 765 1252 821 emp

194 840 324 892 adiaholo
336 879 343 902 ,
355 844 380 891 et
399 842 426 889 ln
445 838 538 888 multas
556 836 673 886 incidunt
693 835 792 898 eupidi-
814 855 915 910 sideria
930 853 1015 906 multa
1030 849 1140 904 inutilia
1159 851 1187 900 et
1202 858 1252 897 no,

196 904 790 971 tates,nonuntumlnntiles,sedetneciras,
831 936 838 949 .
924 946 967 986 uoe
985 945 1046 985 mer
1065 923 1253 981 unthomines
1304 935 1305 958 χ

195 992 252 1042 que
264 979 394 1028 hominem
412 973 562 1034 demergunt
576 970 604 1020 ln
620 971 752 1020 interitum
767 972 793 1020 et
813 948 997 1066 ffi'n’tgimm
1014 943 1251 1072 etssperdffionem‘

197 1049 385 1164 daffigssrgpsselnlr
398 1061 513 1174 pecunia
532 1111 569 1158 est
584 1108 698 1157 omniurn
711 1105 792 1155 malo·
850 1109 895 1160 to.
922 1104 1010 1156 Radix
1030 1102 1106 1156 enim
1130 1097 1253 1150 omnium

196 1197 256 1234 rum
267 1182 353 1242 radix,
370 1182 413 1231 eui
433 1177 561 1229 studentes
579 1175 682 1239 quidam
694 1212 701 1238 ,
715 1176 730 1225 h
745 1175 794 1225 dds
816 1183 952 1236 maiorum
960 1183 1001 1233 est
1007 1176 1161 1245 cupiditas:
1174 1187 1253 1241 quam

197 1291 1254 1318 Μ

228 1373 431 1491 odemeffiilam
446 1369 574 1433 superflue
585 1342 648 1420 eras
669 1366 805 1418 deserenda
815 1399 824 1426 ,
834 1376 896 1414 eum
907 1366 977 1413 tento
990 1361 1074 1412 labore
1090 1363 1116 1408 et
1131 1359 1253 1408 anxietate

200 1455 335 1507 eomparan

228 1531 252 1576 8.
267 1524 386 1574 Habentes
397 1527 481 1573 ouum
492 1520 642 1572 elimenta...
655 1519 711 1582 Syr.
722 1517 871 1581 quopropter
880 1510 973 1568 suffieit
984 1511 1056 1564 nohis
1066 1510 1141 1562 ethus
1152 1513 1178 1561 et
1187 1513 1253 1572 tegu-

198 1599 322 1645 mentum.

228 1663 265 1712 lix
279 1661 403 1724 superiori
415 1656 538 1710 versiculo
551 1656 689 1710 eoneludit.

229 1735 350 1786 Habentes
364 1745 422 1795 orgo
433 1733 587 1794 eommunia,
599 1733 711 1782 contenti
724 1731 815 1783 simus·

229 1805 298 1855 Pasei
313 1805 340 1854 ei
353 1803 403 1864 tegi
421 1801 582 1852 necessariae
1118 1827 1120 1830 -

229 1875 306 1925 Cibus
313 1872 439 1924 eumeleus
447 1875 476 1922 ut
484 1873 582 1922 nutriat
590 1907 597 1932 ,
605 1873 683 1922 restis
690 1876 715 1923 et
722 1869 879 1922 domieilium
888 1907 895 1931 ‚
903 1879 959 1933 que
966 1867 997 1918 ab
1009 1867 1112 1928 iniuriis
1119 1867 1250 1916 tueantur:

228 1945 294 1994 Eece
309 1941 341 1992 ud
360 1943 439 1992 vitam
454 1942 594 1990 necessaria
603 1959 611 2001 ς
620 1943 710 1990 netem
722 1940 857 2002 superflua.

231 2013 291 2072 Quis
301 2010 372 2061 hisee
387 2010 534 2060 necessariis
548 2011 681 2058 contentus
693 2011 699 2056 i
712 2010 768 2070 quis
779 2007 905 2069 superflua
916 2003 1093 2068 quaedamsed
1107 2003 1211 2066 quarti!

230 2081 289 2142 Quis
298 2081 382 2141 itaque
391 2090 443 2128 non
456 2077 546 2127 dmoni
556 2076 627 2126 hisee
641 2075 725 2126 rerhis
739 2075 920 2126 condemnarit

230 2167 253 2212 9.
268 2163 334 2213 Num
347 2162 393 2223 qus·
402 2159 490 2211 uolunt
504 2159 591 2208 diuites
604 2159 690 2220 fieri...

229 2231 312 2280 liliam
323 2232 448 2279 rationem
463 2227 552 2288 affert,
564 2238 610 2276 eur
625 2227 756 2278 eruritlam
766 2226 903 2289 rugientes.
915 2225 1049 2276 debeamus
1061 2226 1153 2288 paneis
1167 2228 1193 2275 et
1203 2222 1251 2274 sul·

203 2298 346 2349 delentibus
355 2309 409 2348 esse
418 2297 539 2347 contenti.

233 2374 298 2423 Nem
309 2373 355 2434 qui
363 2371 451 2421 eoiuui
463 2369 521 2432 fieri
535 2369 636 2426 divites,
644 2371 804 2432 avaritiaque
816 2369 917 2420 student
926 2407 932 2430 ,
940 2371 967 2418 ln
977 2370 1060 2419 varlas
1070 2369 1194 2432 peeeandi
1204 2374 1252 2418 teu·

199 2443 307 2490 tationes
320 2437 450 2498 lneldunt,
461 2435 556 2487 sellieet
567 2439 595 2486 in
603 2440 754 2488 tentationes
765 2438 874 2499 fraudis,
887 2439 1047 2502 rapacitatis,
1060 2437 1140 2499 furii,
1154 2439 1251 2488 menda·

201 2511 314 2568 ciorum,
324 2509 352 2557 lu
363 2504 529 2567 iurisiurandi
542 2503 720 2567 violationem,
736 2511 782 2558 etr.

202 2657 212 2702 ί
230 2585 267 2701 ΕΞ
276 2583 304 2702 3η
316 2581 434 2702 &queem
446 2578 557 2638 dioboli,
571 2577 598 2628 id
608 2583 659 2640 esi,
671 2581 762 2642 quihus
774 2585 896 2645 pereatis,
908 2583 980 2645 qnasi
993 2579 1089 2632 retibus
1095 2617 1106 2642 „
1119 2580 1251 2642 illaquean-

214 2667 243 2702 til·
295 2665 319 2702 18
361 2662 385 2701 0.

230 2729 263 2777 lit
278 2727 404 2777 desideria
415 2723 498 2775 multu
508 2724 612 2776 inutilia
623 2731 646 2776 et
659 2725 800 2785 meioo,1d
814 2729 866 2787 est,

230 2795 348 2845 lneldnnt
362 2796 387 2844 et
401 2794 429 2843 in
441 2793 534 2844 multas
548 2793 711 2857 cupiditates,
725 2806 778 2844 nou
790 2793 891 2844 tantdm
908 2793 1026 2856 inutiles,
1041 2793 1087 2844 sed
1103 2797 1129 2842 st
1142 2796 1248 2851 nocivas,

201 2877 256 2926 pua
267 2865 397 2915 hominem
411 2865 555 2926 meruel
565 2865 594 2914 in
607 2863 772 2914 inmineret
786 2865 980 2916 dumuouonem.

233 2932 295 2992 Seu,
308 2936 338 2982 ui
347 2934 384 2981 ait
396 2930 469 2980 dirus
482 2931 675 2992 chrysostomus
683 2967 690 2990 ,
699 2933 727 2979 in
738 2931 904 2993 perditionem
916 2931 992 2992 hrrius
1000 2931 1121 2993 temporis
1133 2933 1158 2980 et
1168 2929 1249 2979 futuri.

234 2998 434 3062 'l'heophylaetus
449 3016 456 3046 ε
473 2999 501 3046 in
517 2997 683 3060 perditionem
695 3001 843 3060 presentem
858 3003 883 3048 et
897 2997 1021 3049 loturam.

232 3068 300 3117 idem
310 3067 384 3116 divus
392 3065 585 3128 chrysostomus
592 3060 668 3116 hahet
676 3102 683 3127 ‚
692 3065 815 3118 desideria
826 3067 901 3117 stulta
913 3071 939 3116 et
949 3071 1042 3118 nociva
1055 3064 1250 3128 theophylactus

203 3133 260 3196 legit
270 3133 386 3186 similiter
396 3169 403 3193 ,
414 3133 506 3194 quihus
521 3131 656 3184 conformis
672 3138 710 3184 est
721 3134 799 3197 Syrus
809 3154 816 3184 ι
827 3136 1070 3199 ineoneupisoentim
1084 3134 1178 3184 multas
1187 3171 1192 3193 ,
1201 3144 1250 3194 que

202 3202 283 3255 stultas
295 3205 356 3252 sunt
366 3204 391 3251 ei
401 3202 506 3252 noelvae.

231 3270 383 3336 cupiditates
398 3271 539 3332 accusavit,
549 3283 601 3322 non
622 3271 752 3324 iaeultaies
766 3293 772 3322 z
785 3275 889 3323 avaritia
908 3275 978 3324 enlm
992 3274 1030 3322 esi
1044 3269 1109 3322 velle
1123 3271 1177 3322 lieri
1191 3270 1249 3320 divi·

200 3347 251 3394 tem
264 3377 271 3402 ‚
285 3353 337 3392 non
352 3345 437 3392 autem
451 3351 504 3390 esse
518 3341 631 3392 divitem.
649 3343 725 3393 Divus
741 3344 903 3404 angustinus.

233 3411 330 3474 Pauper
351 3423 409 3472 ergo
427 3412 483 3472 puis
501 3423 554 3461 esse
570 3415 652 3474 potest
673 3414 701 3462 ln
723 3412 833 3472 divitiis,
849 3414 915 3462 sieut
933 3413 999 3462 etin
1015 3413 1161 3474 paupertate
1183 3403 1248 3458 multi

202 3482 263 3530 sunt
272 3477 378 3539 divites,
391 3480 449 3540 qula
462 3479 585 3542 cupiditas
602 3479 706 3529 diuitem
722 3484 748 3529 et
761 3491 866 3530 avarum
882 3479 957 3540 laeli,
971 3491 1022 3528 nou
1036 3481 1167 3541 possessio.

232 3547 317 3608 ltaque
328 3550 415 3597 eareat
427 3559 521 3609 pauper
531 3547 547 3596 i
559 3548 712 3609 eupiditate;

232 3615 323 3665 creet
333 3615 403 3665 dives
417 3616 449 3665 ab
460 3616 552 3664 aileeiu
564 3616 719 3666 divitiarum.

234 3681 280 3732 lile
291 3683 416 3745 possideat
431 3686 485 3733 sine
499 3683 605 3744 aileetu,
618 3683 660 3733 ille
672 3687 755 3735 eareat
767 3685 821 3734 siue
834 3683 964 3735 desiderio.

232 3767 269 3814 io.
289 3764 371 3814 liudis
391 3766 456 3814 enim
477 3766 589 3815 omnium
606 3767 733 3816 maiorum
753 3773 788 3817 est
810 3767 942 3828 cupiditas.
958 3767 1001 3817 Gr.
1017 3763 1168 3827 φιλαργυρία,
1184 3773 1244 3814 amor

199 3833 316 3961 munniz
325 3832 451 3960 {eggeh
468 3833 582 3884 omnium
595 3833 739 3892 maleam,
751 3833 928 3896 temporalium
945 3832 1041 3884 seilicet
1052 3835 1077 3882 et
1090 3837 1242 3885 eternorum,

233 3964 332 4026 Primii,
342 3977 372 4014 er
382 3967 488 4016 avarliia
498 4002 507 4028 ,
517 3969 588 4030 qusai
602 3981 633 4018 ex
649 3969 750 4028 redire.
761 3967 887 4030 pullulant
901 3973 985 4022 omnis
998 3975 1099 4036 naemu
1114 3991 1121 4022 ι
1138 3967 1244 4022 ambitio,
