2612 4542
264 273 594 401 sueonum
621 275 970 380 urrsronm

12 417 14 432 ¹
102 512 167 662 u.
203 515 447 663 uuum
484 519 593 664 uo
632 515 1131 666 rruoruuuu

322 805 551 890 TRIPLEX
586 808 897 897 EXPOSlTlO.

209 1028 367 1094 Annum,
387 1029 614 1095 rhutenensi,
635 1030 746 1094 Annon
764 1031 1014 1090 collllEllTnnn).

319 1617 321 1623 ,
423 1492 796 1610 'PRAEFATIQ

91 1707 196 1818 Hunc
217 1753 258 1816 ad
280 1752 478 1816 Timotheum
494 1753 680 1833 Epistolam,
694 1755 815 1831 Rome,
841 1753 873 1816 in
891 1754 1020 1818 vinculis
1042 1757 1142 1836 scrip-

90 1861 148 1920 tum
162 1857 260 1920 luisse
274 1860 399 1922 constat
417 1873 459 1922 ex
479 1857 548 1940 ipso
569 1861 677 1936 textu,
692 1873 759 1938 esp.
773 1865 802 1931 1,
818 1861 848 1927 i.
870 1861 888 1920 8
906 1862 938 1921 et
952 1863 1009 1921 16:
1026 1875 1093 1939 eap.
1109 1868 1139 1936 2,

88 1965 114 2034 l.
128 1968 157 2026 9.
1018 1981 1022 2000 ·

121 2069 180 2131 Sed
194 2068 268 2148 quio
281 2067 372 2132 divus
387 2068 500 2131 Paulus
520 2066 568 2128 his
586 2067 691 2128 Rome
713 2065 771 2128 init
788 2067 899 2128 entend
911 2065 1044 2148 ligatus,
1065 2085 1142 2131 eon·
1157 2131 1163 2144 ,

86 2173 265 2236 trovertitur
282 2173 396 2253 quihus
419 2173 452 2236 in
472 2171 622 2250 vineolls3
636 2187 677 2232 nn
699 2169 731 2232 in
749 2168 875 2249 primis,
890 2187 931 2232 an
948 2169 980 2233 in
997 2172 1141 2235 secundis

86 2276 161 2340 hane
173 2276 345 2357 scripserit.

120 2383 236 2446 Omnes
250 2382 387 2463 antiqui,
408 2379 579 2460 Eusebius,
594 2381 685 2446 divus
703 2381 926 2461 Hieronymus,
940 2381 1031 2446 divus
1045 2383 1143 2463 chry-

86 2489 256 2564 sostomus,
267 2487 498 2564 Theodoretus,
512 2487 780 2567 Theophylaotus,
796 2489 828 2548 et
841 2487 978 2566 plerique
988 2491 1060 2567 posi
1074 2504 1140 2565 eos,

86 2594 212 2654 censent
229 2591 315 2652 illam
338 2590 370 2652 in
388 2590 505 2653 ultimis
519 2588 650 2653 vinculis
668 2589 833 2670 scriptam,
849 2589 982 2667 ideoque
1001 2591 1142 2652 omnium

86 2703 291 2783 Epistularum
303 2693 365 2760 divi
378 2693 462 2756 Pauli
476 2693 616 2757 ultimam
627 2695 789 2773 reputant,
804 2695 836 2754 et
845 2692 933 2770 quasi
946 2707 1057 2755 vocem
1069 2711 1144 2774 oyc-

86 2825 195 2882 neam‚
216 2819 310 2882 quem
330 2799 425 2863 morti
445 2798 607 2890 prosimus
619 2843 628 2875 ,
642 2801 675 2860 et
697 2797 737 2858 ad
753 2797 938 2876 martyrium
956 2813 1026 2859 sese
1040 2799 1144 2861 accin-

86 2930 178 2992 gens,
194 2907 302 2972 edidit.

122 2993 188 3080 lloo
209 3013 313 3093 ipsum
329 3010 501 3080 formaliter
514 3007 645 3072 affirmat
658 3010 766 3070 textus
787 3023 923 3088 grecus,
944 3007 975 3072 in
996 3009 1058 3072 fine
1072 3010 1145 3089 Epi-

87 3123 182 3184 stolae.
193 3118 241 3181 hd
255 3113 620 3191 Timotheum-secunda,
636 3110 840 3192 Ephesiorum
854 3114 997 3177 Ecclesiae
1010 3113 1145 3194 primum

87 3225 266 3305 episcopum
279 3221 473 3296 ordinatum,
488 3218 601 3298 scripto
616 3221 665 3282 est
675 3215 694 3280 l
703 3220 819 3296 Roma,
836 3216 909 3298 edm
924 3216 1063 3282 secundo
1084 3219 1145 3280 sis-

87 3333 204 3393 teretur
217 3327 331 3390 Paulus
348 3324 460 3388 Caesari
474 3323 598 3386 Neroni.
1037 3395 1039 3400 Ι
1056 3401 1058 3407 Ι

125 3434 211 3497 ldem
232 3430 344 3495 asserit
363 3429 485 3492 arabica
510 3429 623 3492 versio.
644 3430 761 3508 Scripta
788 3428 846 3490 luit
870 3428 908 3488 ab
928 3427 1005 3488 urhe
1030 3428 1142 3503 Roma,

88 3537 157 3602 edm
171 3537 353 3601 Timotheus
367 3534 557 3597 constitutus
574 3536 639 3613 jam
653 3537 738 3597 esset
752 3533 916 3613 episeopus
930 3547 1024 3609 super
1045 3530 1146 3609 Ephe·

88 3660 175 3723 sum,
196 3641 321 3723 quando
335 3640 472 3704 secundi
482 3640 549 3703 vice
564 3638 653 3700 stetit
666 3638 777 3700 Paulus
791 3637 823 3699 in
837 3634 1001 3716 praesentia
1017 3635 1144 3698 Caesaris

91 3750 238 3825 Neronis,
253 3743 593 3826 imperatorisromani.

124 3858 183 3916 Pro
197 3855 258 3934 hoc
272 3849 417 3930 opinione
432 3845 683 3913 dissertationem
698 3842 866 3906 novissime
879 3844 952 3908 iecit
964 3848 997 3907 ll.
1015 3849 1047 3908 P.
1059 3849 1145 3907 hlau-

91 3957 173 4037 duit,
198 3961 309 4019 auctor
326 3953 411 4032 libri,
427 3951 476 4014 cui
497 3949 606 4012 titulus
625 3945 781 4027 :Anolyse
804 3948 854 4010 des
872 3953 990 4029 Epitres
1012 3951 1046 4010 dr
1065 3949 1145 4010 saint
