2622 4552
302 317 476 371 TRIPLEX
494 319 716 376 expostam.
736 321 820 377 GAP.
838 323 889 376 xl.
1072 325 1125 379 575

92 407 141 462 22.
159 406 229 465 ride
248 409 352 478 loseph
365 411 501 479 moriens,
558 413 641 466 Simili
656 414 706 465 tide
723 414 814 480 ioseph
833 413 938 468 credens
956 413 1001 468 liei
1017 417 1125 480 promis·

63 484 503 553 deprorecrioneflliommlsmep
528 483 593 531 sioni
615 483 729 545 patribus
748 486 801 534 sois
815 483 905 544 iacta,
924 485 951 533 in
972 489 1053 535 morto
1070 497 1125 535 me·

62 565 503 630 m0m0m1u3031,01(100331bus
526 553 601 600 minit
613 550 644 599 de
657 553 726 602 exitu
741 550 853 601 illiorum
871 550 988 601 israeles
1003 551 1124 616 AEgppt03

63 639 119 692 mis
137 641 290 696 mandavit·
526 617 1124 680 et‚deiilocertus,mandavitdeossibussuis

526 690 553 737 in
569 689 663 737 terram
675 690 825 751 promissam
843 686 1032 736 transferendis.

90 753 138 805 22.
149 750 218 805 Fide
229 755 338 820 bioyses
348 758 439 820 natus,
453 766 500 808 oc·
555 753 649 804 Eidem
662 755 712 804 tide
724 757 838 818 inspirati
851 760 966 818 parentes
980 754 1071 816 iibysis
1084 767 1124 806 re-

60 826 179 881 cultatus
196 835 239 882 est
252 831 396 884 mensibus
413 831 503 883 tribus
525 835 584 873 cens
592 825 661 884 uati,
672 825 697 874 et
707 823 801 886 grando
811 824 872 886 quid
884 837 913 873 ex
924 826 977 886 ipsa
988 823 1066 886 puelli
1077 821 1125 874 ele·

59 903 258 970 aparentibus
278 907 353 970 suis,
372 919 407 960 00
425 906 502 972 qupd
525 894 610 952 gantis
634 893 755 951 ominati.
772 891 962 942 occultaverunt
985 890 1058 942 ilium
1079 905 1124 956 per

59 981 490 1048 vidissentepegameminfamem
524 962 575 1009 tres
584 971 753 1018 menses‚noc
766 962 831 1021 regis
842 960 953 1010 edictum
962 957 992 1010 de
1003 959 1124 1010 necandis

59 1061 85 1108 ει
95 1069 156 1110 non
171 1057 324 1112 timuerunt
338 1058 412 1127 regis
422 1023 502 1114 edic}
526 1025 667 1076 tutantibus
682 1025 803 1078 masculis
818 1027 968 1078 Quarum.

61 1136 143 1263 malt..
161 1210 230 1265 Fide
254 1214 363 1280 iiopses
389 1213 501 1281 pandis
555 1211 653 1266 ididem
671 1212 722 1266 dds
743 1214 839 1278 iloyses
863 1217 931 1280 ipse,
954 1215 1014 1267 crim
1033 1216 1050 1265 a
1071 1214 1123 1266 tilia

59 1387 138 1448 ctrpoe
154 1385 222 1448 epum
233 1385 262 1436 b.
274 1385 443 1450 Hieronymus
453 1399 484 1438 ex
494 1387 582 1438 eodem
595 1387 697 1439 iiebrao
707 1389 784 1438 uertit
796 1406 804 1436 ι
818 1389 851 1438 is’t
863 1389 980 1438 odoravit
990 1388 1027 1440 od
1040 1387 1125 1440 beluis·

60 1460 172 1584 soffia
182 1526 269 1575 antem
280 1525 433 1592 diversitatis
449 1527 515 1578 ratio
530 1526 647 1588 estquod
667 1526 735 1577 idem
753 1538 847 1578 nomen
864 1525 1008 1586 hebraeum.
1019 1527 1123 1580 mutetis

60 1592 163 1654 punctis
173 1629 180 1652 ,
191 1593 315 1655 significat
328 1593 404 1643 modd
419 1593 528 1656 lectum,
542 1594 617 1644 morio
631 1596 743 1657 virgam5
754 1598 833 1645 matie
851 1595 942 1656 sirpo,
954 1596 1027 1644 mitta
1039 1595 1122 1646 iectus.

59 1660 411 1793 lecllffiitawizugileronpmum
427 1675 517 1714 musas
534 1666 589 1725 est,
606 1663 723 1716 adorauit
739 1663 815 1715 israel
835 1663 915 1713 ileum
937 1675 1074 1715 conversus
1091 1665 1123 1716 ud

90 1798 166 1849 Forte
183 1765 247 1860 qula
256 1800 384 1864 spectabat
401 1800 489 1854 versas
504 1800 781 1868 orlentcm,adt1uem
796 1800 858 1853 oiim
873 1813 901 1852 ss
916 1800 1047 1853 vertebant
1061 1801 1123 1852 ado-

59 1865 276 1986 matthaeeum&
296 1937 428 2001 explicatio
445 1939 474 1987 in
489 1937 574 1988 Gracc
593 1936 716 1989 hodierno
730 1935 845 1989 fundata.
861 1936 904 1987 Gr.
923 1935 1038 1986 adoravit
1050 1950 1124 2000 super

60 2007 234 2054 summitatem
245 2007 320 2066 virga
335 2018 396 2056 suta.
408 2005 465 2065 syr.
474 2009 499 2056 et
511 2005 625 2056 adoravit
638 2017 713 2068 super
724 2006 852 2068 fastigium
863 2007 940 2066 uirga
950 2006 1021 2065 eius,
1034 2005 1123 2068 idest,

60 2075 198 2146 inuniunt,
208 2073 285 2124 Jacob
295 2074 408 2126 adorauit
425 2075 522 2131 lienum
536 2077 639 2124 innixus
651 2073 742 2126 bacuio
758 2086 813 2125 suo.

93 2151 189 2209 Aaron,
200 2151 297 2201 sarlato
308 2153 398 2213 spiritu
411 2150 535 2213 siguificat
547 2153 572 2199 et
586 2163 638 2199 ruoe
655 2153 681 2198 et
692 2149 755 2210 eJ'us.

89 2218 184 2279 iacob,
195 2221 330 2281 inquiunt,
343 2231 430 2283 preces
447 2219 561 2270 iacturas
572 2219 681 2271 surrexit
691 2218 706 2268 b
717 2217 797 2278 lecto,
813 2217 943 2281 Deumque
957 2228 1032 2280 super
1042 2213 1122 2268 bacn-

58 2289 114 2338 ium
126 2299 204 2338 snum
218 2288 320 2337 iunixus
334 2288 457 2338 adoravit.

90 2357 182 2408 (iones.
193 2357 223 2407 to
234 2392 241 2417 ,
251 2369 279 2407 n.
294 2359 341 2417 22,
352 2355 444 2407 dicitur
458 2355 526 2420 quoa
538 2357 613 2422 pedes
625 2368 685 2409 suos
695 2355 809 2408 retulerit
819 2357 846 2406 ln
858 2353 951 2404 lectum
963 2373 970 2405 ι
982 2359 1123 2407 surrexerat

59 2438 133 2488 ergo,
142 2428 188 2475 aut
200 2425 288 2475 saitem
299 2427 327 2475 ln
342 2424 434 2475 lectulo
445 2427 605 2488 consederat,
621 2427 751 2488 inquiunt.

89 2496 122 2546 iit
132 2495 182 2546 hoe
192 2497 274 2545 totum
284 2498 365 2558 potest
376 2499 442 2545 stare
452 2532 459 2555 ,
469 2497 505 2546 ait
521 2496 551 2547 ii.
570 2497 697 2556 Thomas,
715 2497 775 2557 qnia
791 2499 844 2558 ipse
861 2499 915 2546 erat
925 2507 1013 2555 senex,
1024 2499 1049 2546 et
1065 2496 1121 2545 ideo

58 2563 177 2627 portabat
186 2566 297 2625 virgam,
306 2562 346 2612 vei
356 2565 451 2624 recepit
462 2567 590 2625 sceptrum
600 2563 693 2627 ioseph
704 2599 711 2624 ,
723 2567 782 2619 etc..
796 2568 821 2613 et
831 2563 944 2614 adoravit
954 2564 1033 2613 beum
1046 2575 1122 2625 super

59 2633 192 2697 [maciem
211 2634 292 2696 cirpea
311 2632 381 2695 ctos2
399 2642 431 2680 ex
448 2631 647 2683 consideratione
662 2634 792 2695 potestatis
809 2632 902 2683 Christi
923 2645 1000 2693 quam
1012 2637 1121 2693 potestas

57 2701 151 2766 ioseph
163 2701 346 2764 praefigurabat.

88 2790 129 2837 22.
142 2785 304 2850 Fidetoscpb
315 2789 432 2838 mortens.
444 2787 488 2839 Gr.
502 2786 606 2846 stoicos,
624 2785 656 2836 de
674 2785 830 2848 egressione.
843 2785 903 2842 etc„
919 2782 946 2832 ld
966 2786 1017 2843 est,
1029 2782 1120 2844 ioseph

57 2859 140 2907 vitam
160 2855 269 2915 liniens,
289 2855 397 2906 credidit
416 2856 576 2919 promissioni
594 2854 703 2913 divina,
719 2853 833 2916 putribus
851 2853 904 2901 suls
921 2850 1005 2910 iacta,
1022 2856 1047 2901 ct
1065 2857 1121 2912 post

58 2929 162 2976 centum
174 2921 337 2987 quadraginta
355 2930 463 2986 qrratuor
475 2937 557 2976 annos
568 2923 583 2973 d
595 2925 676 2972 morte
687 2935 733 2972 sus
746 2919 917 2984 complentia,
929 2922 955 2968 et
970 2920 997 2968 in
1008 2919 1055 2969 hac
1071 2918 1121 2969 ties
1186 2967 1189 2972 .

58 2996 177 3045 meminit
192 2993 223 3043 de
234 2997 302 3044 exitu
312 2994 422 3044 illiorum
434 2993 519 3045 israel.

81 3071 123 3132 ‚Et
136 3068 165 3118 de
181 3067 279 3118 ossibus
294 3069 349 3117 sais
364 3069 511 3126 mandavit,
531 3067 557 3118 td
574 3071 625 3128 est,
640 3069 665 3116 ei
681 3066 712 3117 de
728 3065 778 3116 hoc
795 3067 863 3115 exitu
883 3065 967 3114 certus
978 3099 984 3122 ,
995 3061 1121 3123 adjurarit

59 3137 150 3188 iratres
164 3149 223 3186 suos
234 3139 264 3185 ut
277 3148 331 3186 ossa
342 3149 388 3187 sua
399 3149 486 3187 secum
496 3136 661 3187 transferrent
671 3138 801 3185 interram
812 3135 971 3197 promissam.

89 3221 130 3268 23.
148 3219 209 3268 Fide
223 3219 318 3280 Moyses
334 3225 438 3269 notus...
458 3217 514 3280 Syr.
532 3229 577 3280 per
597 3217 674 3268 iidem
690 3219 806 3280 parentes
822 3215 927 3277 Moysis,
942 3218 1001 3273 etc„
1024 3215 1050 3263 id
1066 3217 1117 3274 est,

58 3290 176 3350 parentes
188 3287 279 3349 Moysis
289 3286 339 3336 tide
351 3288 484 3343 instructi.
494 3298 558 3346 seu,
575 3290 605 3335 ui
617 3288 655 3335 ait
667 3284 806 3346 losephus,
818 3282 862 3333 lib.
878 3285 902 3331 2.
922 3281 1004 3340 antiq.
1021 3281 1119 3330 Judaic.

58 3369 115 3419 sap.
130 3357 154 3405 5.
165 3354 252 3404 diuino
264 3356 382 3405 instructi
393 3353 496 3403 oraculo
509 3365 540 3402 ex
558 3353 619 3416 ipsis
637 3355 762 3402 oriturum
778 3352 822 3412 qui
837 3348 1046 3413 populumsuum
1058 3347 1121 3396 libc-

58 3424 233 3485 raret,iribus
248 3424 377 3473 mensibus
392 3434 452 3472 eum
465 3424 555 3470 natum
570 3420 740 3472 occultarunt·

87 3501 127 3549 Eo
142 3497 211 3561 codd
227 3498 346 3548 uidissent
366 3495 529 3558 sicyoniam...
548 3492 575 3541 id
588 3496 642 3552 est,
661 3492 775 3542 ridentes
792 3491 860 3554 quod
876 3489 959 3540 inians
977 3491 1073 3539 roirum
1092 3492 1120 3539 in

57 3565 164 3617 modurn
175 3565 282 3628 pulcher
299 3566 378 3622 esset,
395 3573 447 3612 non
465 3559 612 3610 dubitarunt
624 3559 688 3619 quin
700 3561 722 3608 is
740 3562 804 3608 ossei
821 3571 866 3620 por
886 3568 961 3618 quiem
977 3557 1120 3610 liberandus

57 3637 123 3760 &83
135 3632 371 3759 insgzelfflemnm
383 3705 480 3768 hacque
494 3703 542 3754 ilde
558 3703 678 3762 animati,
692 3712 744 3749 non
761 3700 902 3747 timuerunt
914 3700 979 3759 regis
995 3699 1118 3760 edictum,

57 3791 109 3840 ouo
118 3777 254 3840 jubebatur
271 3779 299 3824 ut
311 3775 391 3826 ludaei
406 3777 521 3838 prorantes
533 3770 598 3820 iiiios
608 3782 666 3818 suos
677 3767 822 3818 exhiberent
834 3763 1028 3816 interficiendos.
1041 3765 1119 3817 iixod.

61 3854 130 3968 ’,2ἳῖ
146 3847 209 3968 {aar
223 3917 317 3980 Moyses
327 3916 431 3978 pecudis
448 3913 537 3977 factus.
558 3913 612 3976 Syr.
626 3911 684 3963 cirnr
704 3912 730 3961 in
746 3911 829 3961 rirurn
844 3908 961 3959 erasisset
971 3909 1042 3958 atate
1057 3917 1120 3972 aaa

60 3987 176 4050 draginta
188 3994 323 4036 annorum.
335 3983 390 4035 hot.
401 3987 424 4034 7.
438 3986 477 4034 tt.
