2612 4542
90 339 101 350 „
169 271 224 324 aas
347 311 349 316 .
590 265 816 326 rnnrnrro.

168 364 270 443 Paul,
285 361 423 428 secanda
445 365 549 445 parte,
567 362 787 430 dissertatione
800 361 975 428 undecima
995 359 1148 427 Eamdem
1168 360 1234 444 opi·

169 468 294 532 nionem
308 468 456 549 supponit
469 470 501 532 et
524 468 666 548 sequitur
678 473 714 532 l).
729 469 770 532 de
783 468 965 544 Tillemont‚
979 465 1164 543 lacustres,
1176 477 1235 532 ato.

168 591 224 636 sur
240 573 322 636 saint
338 573 439 648 Paul,
451 591 492 662 apt
506 573 541 636 de
554 574 764 636 Jonas-otrico
779 575 830 636 65.

208 681 280 740 Haec
291 676 396 757 opinio
409 673 564 757 praecipue
576 676 685 739 nititur
700 693 729 740 c.
747 678 783 754 4,
803 679 835 749 i.
846 680 877 740 6.
891 681 956 756 Epo
965 675 1035 756 J‘om
1055 676 1190 752 delibor,
1205 685 1232 740 et

170 790 284 866 tempus
301 782 495 844 resolutionis
507 799 580 844 meu
593 782 697 844 instat.

208 884 342 965 Revera,
366 886 400 948 in
422 885 618 966 expositione
639 887 734 965 huJus
758 885 903 951 versiculi
919 901 977 966 pro
1003 886 1064 948 hae
1085 884 1231 966 opinione

169 991 333 1054 concludo.
348 990 423 1054 Vide
439 1007 507 1070 cap.
530 993 561 1067 4,
575 994 607 1064 i.
626 997 663 1070 8,
682 991 765 1054 circa
777 991 884 1056 finem.

208 1095 359 1158 Baronius
383 1099 506 1174 tamen,
521 1099 554 1158 et
571 1095 622 1158 alii
641 1099 715 1175 post
734 1114 808 1160 eum
830 1095 921 1158 multi
940 1092 959 1159 ὲ
980 1097 1226 1175 recentioribus,

168 1202 280 1282 putant
292 1200 325 1263 in
338 1200 445 1282 primis
460 1200 591 1266 vinculis
605 1201 753 1281 scriptam
766 1200 864 1264 fuisse
876 1224 885 1279 3
899 1201 1074 1280 prasertim
1086 1202 1130 1264 ob
1147 1218 1178 1266 c.
1191 1204 1228 1280 4,
1294 1281 1295 1294 ἵ

168 1309 201 1377 ir.
218 1311 267 1370 17.
289 1306 439 1369 Dominus
459 1306 537 1368 mitt
555 1307 671 1380 ostitit,
687 1313 755 1379 etc,
772 1312 800 1366 et
814 1303 958 1368 literatus
974 1323 1042 1368 cum
1056 1305 1091 1368 dc
1106 1325 1159 1369 ore
1171 1305 1230 1368 leo-

169 1430 228 1475 nra.

210 1516 270 1580 Sed
293 1516 345 1580 hio
365 1535 476 1581 versus
499 1516 705 1597 explicabitur
724 1532 783 1577 suo
807 1517 898 1595 Ioco,
922 1521 954 1581 et
974 1517 1082 1597 primae
1095 1514 1229 1597 opinioni

170 1637 235 1682 non
250 1619 480 1697 contradicere,
496 1617 561 1683 imo
582 1621 687 1683 favere
700 1618 894 1682 ostendetur.
910 1621 984 1684 Vide
997 1639 1065 1700 cap.
1082 1622 1165 1698 Μ.
1183 1625 1227 1696 17,

165 1726 229 1788 sub
249 1725 355 1788 finem.
1294 1807 1295 1812 ἵ

183 1885 185 1889 ,
209 1834 294 1893 Hanc
306 1829 431 1894 Baronii
443 1829 622 1911 opinionem
636 1829 715 1893 satis
726 1826 797 1893 fuso
809 1829 985 1913 propugnat
1000 1831 1123 1908 Estius,
1141 1845 1228 1910 quam
1294 1819 1295 1882 ἐ

170 1938 203 1998 ct
216 1933 316 1998 fusius
330 1935 465 2016 explicat
484 1938 516 1999 et
530 1936 707 2015 propugnat
719 1937 753 1996 P.
772 1937 940 2000 Amelotte.
1004 1961 1007 1967 ·
1294 1935 1295 2018 ζ

209 2041 308 2120 Huius
333 2041 479 2121 Epistolae
505 2041 726 2120 argumentum
745 2036 830 2102 idem
852 2043 902 2104 est
925 2059 962 2105 ac
978 2039 1226 2122 primae3'Timo
1294 2049 1295 2110 ζ

169 2145 280 2208 theum
300 2146 418 2209 seilicet
431 2145 600 2226 Apostolus
613 2142 706 2205 docet
720 2159 790 2222 quae
803 2148 879 2208 sunt
890 2145 1027 2227 episcopi
1048 2146 1081 2208 et
1095 2141 1224 2224 pastoris
1294 2137 1295 2220 i

170 2247 290 2327 officia,
306 2253 339 2311 et
351 2249 391 2311 ad
404 2266 442 2310 ca
455 2247 589 2312 fideliter
603 2246 806 2324 exsequenda
818 2248 972 2313 hortatur.
1294 2249 1295 2338 Ῑ

210 2353 286 2426 Quae
298 2351 475 2416 distinctius
487 2347 607 2417 videbis
621 2347 654 2411 in
671 2349 792 2430 analysi
805 2353 1050 2444 uniuscujusque
1070 2353 1188 2435 capitis
1294 2375 1295 2460 p
