2622 4552
268 265 442 322 antrbux
459 267 682 324 EXPOSI'HO.
702 266 785 323 CAP.
804 267 889 324 xltt.
1054 268 1108 322 505

63 485 122 511 mli
125 485 1076 518 οοοοοοοοοοοοοοοοοοοοοοοοοοοοοοοοοοοοοοοοοοοοο
1080 491 1108 518 00

129 692 389 776 ANALYSIS
409 691 617 775 GAPlTlS
636 695 824 776 DECIMI
841 697 871 775 Τ
880 694 1032 775 until.

504 929 654 948 ...ι-

56 1029 202 1133 Hetrusca
213 1075 252 1132 ad
267 1089 380 1132 onlnem
392 1075 518 1132 bortatur
534 1080 681 1151 uirtutem,
700 1086 759 1133 tum
777 1093 842 1148 erga
861 1063 1033 1146 proximum,
1049 1085 1108 1132 tum

59 1169 114 1224 erga
123 1159 305 1226 semetipsos,
322 1163 380 1212 tum
392 1173 457 1226 erga
468 1161 640 1230 religionem.

85 1243 151 1309 Erga
172 1242 334 1308 proximos,
350 1240 380 1293 iu
399 1241 533 1298 charitate
549 1243 670 1299 fraterna
686 1249 877 1312 perseverent3
895 1243 1107 1311 hospitalitatem

57 1329 210 1390 exerceant3
228 1323 358 1387 vinctos,
380 1323 481 1378 christi
501 1326 599 1391 causa,
615 1331 748 1393 tauquam
775 1326 956 1394 semetipsos,
976 1325 1108 1394 adjuvent

59 1406 179 1461 omnibus
190 1406 362 1474 patientibus
374 1407 590 1475 compatiantur,
603 1409 631 1476 i.
643 1411 675 1473 t,
689 1411 723 1474 2,
736 1411 763 1462 5.

88 1491 155 1556 Erga
166 1490 335 1557 semetipsos
342 1529 350 1556 ,
358 1491 512 1545 castitatem
522 1490 695 1558 coniugalem
706 1495 833 1556 servent,
843 1490 984 1543 avaritiam
992 1490 1105 1558 fugiant,

59 1572 232 1633 praesentibus
245 1572 302 1626 sint
313 1573 449 1637 contenti,
460 1573 496 1626 de
506 1573 600 1628 futuro
612 1574 754 1627 confidant
765 1569 794 1625 iri
806 1573 938 1636 Domino,
953 1573 980 1640 i.
995 1577 1031 1635 t,
1044 1576 1070 1637 5,
1079 1575 1106 1624 6.

86 1656 152 1722 Erga
174 1655 358 1724 religionem,
377 1654 572 1711 detunctorum
598 1671 714 1710 suorum
734 1657 927 1723 Apostolorum
949 1668 1105 1715 memores,

60 1748 148 1790 eorum
161 1738 247 1792 sitam
265 1744 294 1793 et
310 1738 394 1792 iidem
412 1737 572 1805 imitentur;
594 1753 646 1794 nac
663 1740 747 1794 variis
762 1745 791 1794 et
801 1738 954 1806 peregrinis
973 1737 1063 1791 sinant
1078 1752 1108 1792 se

59 1816 183 1873 doctrinis
194 1820 298 1875 abduci
312 1837 319 1874 ε
332 1821 403 1874 sicut
416 1825 497 1876 lesus
515 1817 638 1876 Christus
658 1835 768 1890 semper
783 1821 858 1876 idem
876 1826 935 1884 est,
956 1820 994 1873 ita
1011 1817 1107 1874 eadem

63 1899 92 1952 sit
102 1901 134 1956 de
144 1903 253 1958 Christo
266 1903 410 1968 doctrina,
423 1904 451 1971 i.
464 1907 496 1969 i,
509 1907 539 1970 8,
553 1906 581 1957 9.

87 1983 201 2039 careant
212 1985 359 2053 speciatim
370 1985 387 2039 d
398 1986 525 2040 doctrina
541 1986 577 2040 de
586 1987 747 2042 discrimine
758 1987 899 2050 ciborum,
913 1985 985 2040 etde
996 1997 1108 2038 comes-

58 2064 125 2120 tione
135 2068 312 2122 viotimarum
323 2069 453 2137 legalium
464 2083 527 2136 quaa
539 2071 597 2124 suis
607 2069 832 2123 observatoribus
849 2068 916 2120 nibil
933 2065 1105 2134 protuerunt,

87 2149 184 2204 curent
199 2151 271 2206 sero
289 2164 338 2204 cor
350 2165 431 2205 suum
447 2151 538 2206 divina
557 2151 672 2205 stabiliri
688 2151 788 2218 gratia,
803 2163 887 2217 quam
905 2150 1058 2215 percipiant
1074 2161 1107 2200 ex

61 2243 108 2282 usu
127 2233 254 2286 liclimae
267 2233 360 2286 altaris
377 2233 454 2300 quod
471 2234 553 2288 uobis
567 2233 692 2289 Christus
710 2232 800 2298 dedit,
814 2237 842 2287 et
861 2232 896 2288 de
908 2245 965 2300 quo
980 2229 1108 2300 legalium

58 2311 278 2370 observatoribus
289 2315 373 2370 edere
383 2329 441 2370 non
451 2315 532 2381 licet,
542 2316 571 2386 i.
587 2321 621 2382 9,
636 2319 682 2370 lit.

86 2399 140 2450 lico
152 2399 291 2467 figurabat
308 2399 352 2452 illa
369 2399 546 2465 ceremonia,
560 2400 615 2466 qua
627 2400 715 2453 bostia
727 2414 778 2467 pro
794 2405 910 2466 peccato
925 2405 1000 2452 extra
1018 2402 1107 2452 castra

55 2481 231 2548 cremabatur,
249 2488 277 2536 et
289 2482 325 2536 dc
337 2495 392 2548 qua
404 2495 457 2536 nec
468 2482 599 2536 sacerdos
612 2483 721 2550 legalis,
733 2496 786 2536 nec
795 2484 916 2550 populus
927 2482 1036 2536 edebat.

88 2563 148 2616 ttaeo
159 2565 254 2618 boalia
265 2578 317 2630 pro
334 2571 466 2631 peccato,
482 2565 582 2618 christi
601 2578 651 2631 pro
663 2570 777 2631 peccato
788 2566 933 2618 morientis
944 2565 1031 2632 ligura
1042 2561 1104 2626 iuit;

58 2648 81 2693 ct
91 2643 166 2712 ideo,
177 2654 209 2701 ut
219 2649 296 2702 banc
307 2647 424 2714 figuram
434 2648 573 2713 impleret,
586 2652 662 2701 extra
673 2655 782 2713 portam
799 2661 898 2714 passus
914 2653 965 2702 est.

87 2728 159 2783 Sicut
172 2745 242 2798 ergo
255 2730 290 2783 de
302 2731 388 2798 ligura
401 2742 458 2781 nou
467 2727 650 2781 comedebant
657 2728 746 2782 ludaei
756 2730 857 2796 legales
867 2748 875 2793 ;
885 2730 923 2782 ita
931 2741 983 2782 nec
992 2726 1027 2780 de
1038 2725 1108 2792 figu-

56 2814 109 2862 rato
125 2812 187 2867 licet
199 2814 244 2867 eis
259 2813 356 2876 edere,
369 2812 397 2879 i.
409 2815 442 2864 rt
455 2851 463 2876 ,
478 2813 524 2864 ts.

84 2893 163 2947 Extra
178 2897 335 2964 synagoge
348 2899 438 2948 castra
449 2891 624 2956 exeundum,
637 2892 673 2946 ad
687 2892 817 2946 Ecclesiae
828 2907 908 2947 norae
922 2898 1012 2946 castra
1024 2904 1106 2944 aoce-

57 2970 184 3044 dendum,
209 2977 413 3045 improperium
434 2973 535 3030 Christi
556 2975 743 3042 portandum,
765 2983 795 3029 ut
819 2974 959 3029 christiani
979 2973 1106 3028 moriflcii

56 3056 194 3127 participes
211 3061 314 3125 simus,
327 3065 355 3114 et
370 3064 549 3114 cruentarum
560 3055 714 3120 hostiarum
725 3057 803 3124 vice,
813 3073 863 3127 per
878 3056 1031 3123 Christum,
1044 3056 1107 3109 bos

59 3136 118 3192 tiam
133 3143 226 3198 laudis
239 3147 297 3198 Deo
315 3155 424 3210 semper
444 3139 605 3207 offeramus,
621 3141 649 3210 i.
662 3145 711 3207 lo,
727 3145 777 3210 tl,
790 3143 835 3196 ld.

87 3222 287 3281 liberalitatem
302 3239 366 3293 erga
382 3237 520 3292 pauperes
538 3223 730 3289 commendat,
750 3225 936 3282 obedientiam
952 3238 1016 3291 erga
1032 3234 1107 3290 prae·

58 3299 133 3371 latos,
147 3310 328 3363 Hebraeorum
345 3305 485 3361 orationes
499 3319 550 3372 pro
572 3319 603 3360 se
618 3307 757 3373 postulat;
769 3309 881 3362 demum
893 3307 1043 3375 Epistulam
1054 3311 1107 3364 ab·

57 3390 211 3448 precatione
222 3388 363 3453 concludit
378 3401 412 3442 ac
427 3386 607 3454 salutatione,
620 3388 647 3457 7.
662 3391 839 3460 tc,1·l,lu,
859 3395 915 3454 etc.¹
