2670 4542
327 216 498 308 rmetux
515 216 735 272 Exposlrlo.
755 217 836 272 cin.
855 222 895 274 11.
1106 222 1143 274 15

376 577 383 584 ‚
404 476 544 552 curer
565 475 817 553 sueonum.

244 615 356 676 amnas.
751 635 935 678 rtnrnnmsrs.

85 767 107 818 1,
170 778 278 818 osma
293 767 386 817 autem
398 775 457 828 vos,
470 763 523 818 fras
594 767 737 806 assentatus
749 768 795 806 vos
806 793 813 817 ,
826 755 915 806 tratres
927 794 934 819 ,
946 769 991 820 per
1004 759 1141 810 adrentum

174 848 240 907 tres,
252 857 304 910 per
313 843 462 897 adveutum
469 847 522 898 Do·
545 825 1014 957 tragffiffsssffi‘ggrfflffifl
1023 841 1069 892 1³0r
1082 841 1141 879 ¹¹⁰³·

82 918 523 973 mininostriiesuchristietnos·

82 1003 128 1049 trae
140 997 366 1065 congregationis
374 997 404 1050 in
413 997 520 1064 ipsum:

81 1167 258 1284 leniant:
276 1166 407 1230 Rogamus
419 1171 504 1218 nomm
524 1180 586 1226 ooo,
598 1167 704 1230 fratem,
721 1181 769 1232 per
787 1169 922 1222 aduentam
939 1169 1041 1219 Domini
1060 1173 1140 1220 nostri

96 1248 139 1284 eso
190 1249 227 1283 ms
237 1251 258 1283 s.

111 1305 139 1352 ln
151 1303 300 1365 pretatione
310 1302 388 1364 huius
402 1303 513 1366 epistole
522 1304 572 1354 dixi
582 1306 661 1354 curet
669 1304 795 1367 quomodo
806 1303 1036 1356 Thessalonleenses
1046 1308 1140 1358 turbati

82 1378 139 1423 snut
150 1375 305 1423 eteommoti
308 1375 514 1436 ,qumljamlom
526 1377 632 1425 instaret
642 1374 699 1425 lites
709 1373 824 1433 Domini,
836 1373 993 1426 advenientis
1003 1376 1099 1427 seilicet
1108 1383 1140 1427 au

80 1444 216 1560 lulligiffle
227 1523 317 1562 eorum
327 1511 417 1562 morbo
425 1525 495 1564 nune
506 1513 636 1564 medeatur
644 1483 790 1576 Apostolus,
801 1512 855 1594 lpsl
864 1513 910 1564 sut
921 1511 1048 1565 locutione
1059 1525 1141 1566 rams-

83 1580 151 1630 dium
163 1583 288 1642 preparat
299 1583 325 1629 et
340 1583 455 1643 porrigit.

110 1649 213 1698 Observa
230 1651 316 1710 itaqua
328 1648 502 1701 locutionems

110 1724 397 1785 Ropomosoutemooa,
412 1723 519 1786 fratrer,
538 1737 586 1788 per·
602 1725 751 1785 oioeatnm,
766 1731 811 1776 ete
820 1726 892 1787 quast
905 1724 1015 1776 dloarel.

111 1792 155 1840 Per
169 1791 240 1841 huno
251 1794 337 1855 lpsom
348 1803 425 1853 quem
436 1793 550 1855 creditis,
562 1793 607 1842 sed
615 1795 786 1854 reveremini,
798 1795 934 1844 aduentant
941 1794 1045 1846 Domini
1059 1797 1140 1846 nostri

83 1862 137 1910 iem
151 1861 265 1921 emoti,-

111 1938 243 1985 Etnostroe
252 1936 450 1998 oonpregnts'onr’r
465 1937 492 1987 in
503 1937 608 2000 ipsunt.-

111 2004 141 2053 111
150 2017 196 2066 per
206 2003 275 2053 hane
286 2017 363 2065 quam
373 2007 478 2069 speratls
489 2004 566 2055 simul
579 2013 604 2054 et
615 2005 782 2056 reformidatis
792 2024 801 2065 ς
815 2003 928 2057 nostium
937 2006 972 2054 od
984 2017 1041 2054 eom
1052 2019 1141 2067 appre-

84 2074 204 2135 paeonem
218 2072 372 2136 (romanor
387 2077 453 2126 enim
467 2075 569 2126 obvium
587 2072 683 2126 Christo
698 2075 726 2124 in
743 2087 822 2130 nero.
835 2080 859 2124 et
872 2074 908 2123 sie
919 2079 1015 2136 amnper
1023 2089 1080 2124 eam
1088 2079 1141 2125 Do·

85 2139 364 2204 minuerimue).t.ad
379 2143 465 2194 Thess.
484 2145 547 2203 i,.n
563 2145 604 2195 27.

111 2211 154 2260 Per
167 2210 222 2260 hee
231 2214 375 2275 ,inquam,
386 2213 437 2263 duo
451 2225 496 2262 vos
512 2225 571 2274 rogo
584 2212 730 2266 etobseoro.

113 2299 272 2349 Onsearrrro
285 2312 404 2350 uonnurs.
419 2326 452 2337 -
462 2300 526 2351 Sane
539 2312 592 2351 non
608 2311 726 2361 rogamus
741 2311 785 2362 per
805 2298 946 2360 terribilia,
959 2300 1004 2350 sed
1019 2313 1063 2363 per
1078 2302 1141 2350 elra-

86 2370 169 2429 riora,
181 2373 207 2417 et
216 2369 327 2418 maxume
346 2368 530 2420 desiderabilia.

113 2439 168 2489 limo
187 2440 265 2500 igitur
282 2440 420 2489 obsecratio
431 2453 476 2501 per
490 2441 625 2490 aduentant
637 2438 740 2489 Domini
754 2438 834 2488 nostri
850 2439 910 2488 Iesu
931 2390 1037 2498 611νί111,
1058 2442 1084 2488 et
1096 2451 1142 2501 per

86 2513 194 2558 nostram
209 2507 242 2556 ad
254 2520 314 2556 eum
325 2511 538 2570 aggregationem,
555 2508 629 2558 docet
639 2507 871 2558 Thessalonicenses
878 2511 903 2557 et
913 2520 960 2557 nos
970 2506 1141 2568 (lhrlstianos,

85 2577 219 2628 adrentum
235 2577 337 2628 llomlnl
346 2589 446 2642 sperare
456 2578 540 2642 potiris
557 2579 634 2642 quam
647 2579 750 2638 timere,
764 2577 904 2628 desiderare
914 2577 998 2641 potius
1015 2578 1091 2640 quem
1103 2590 1142 2626 re-

87 2646 174 2706 fugere.

112 2716 233 2767 Dominus
244 2719 330 2766 noster
346 2719 383 2765 est
400 2718 474 2776 :ejus
484 2715 589 2779 gloriam
602 2728 648 2766 eur
657 2717 717 2766 totis
727 2718 793 2765 votis
812 2728 863 2765 nnn
878 2719 1039 2778 exoptemus?

112 2785 223 2836 Salratm
236 2789 322 2835 noster
337 2790 398 2835 est:
413 2789 440 2835 in
455 2788 509 2846 ejus
528 2787 665 2836 adventum
681 2799 728 2834 eur
743 2797 795 2834 non
814 2785 867 2835 toti
883 2783 977 2834 fiducia
989 2788 1140 2847 speremus?

88 2855 242 2904 sotadeum
254 2867 306 2904 non
322 2853 492 2903 anhelemus?

113 2922 173 2986 Sed,
188 2925 290 2985 inquis,
300 2927 417 2985 peccator
431 2936 499 2973 sum.

112 2992 272 3056 Respondeo,
286 2994 338 3056 lpse
352 2994 515 3054 peecatorum
528 2987 640 3042 Salvator
651 2994 697 3042 est.

112 3062 208 3122 lustas,
224 3063 329 3124 peceavi
341 3060 461 3110 multum.

112 3130 272 3194 Respondes,
286 3128 380 3179 infiniti
391 3131 475 3179 meriti
488 3127 600 3178 salvatm
611 3133 657 3179 est.

112 3201 187 3263 llrges
199 3238 206 3261 ,
219 3199 307 3250 onmia
320 3197 371 3248 lere
385 3211 459 3262 opera
470 3211 526 3248 mea
537 3198 603 3248 mala
617 3197 728 3250 fuerunt.

111 3269 276 3333 Respondeo,
293 3279 381 3318 omnes
396 3267 464 3318 illius
481 3271 553 3318 aetus
564 3273 590 3318 ei
601 3271 729 3331 passiones
739 3269 830 3320 valoris
840 3269 934 3321 inssnltl
945 3269 1056 3320 luerunt.

110 3339 273 3390 infinitorum
289 3349 343 3388 non
357 3337 432 3387 modo
440 3340 600 3400 peccatorum
612 3342 637 3388 et
650 3338 772 3390 scelerum
782 3376 789 3399 ,
801 3339 844 3389 secl
857 3344 883 3389 et
895 3339 1055 3389 infinitorum
1065 3347 1140 3386 mun-

83 3405 173 3458 domm
183 3404 391 3458 redimendorum
402 3407 516 3473 eapaoia,
528 3409 552 3454 et
562 3405 695 3468 plusquam
708 3406 783 3468 digna
794 3411 854 3457 sunt
864 3407 932 3456 llllus
951 3408 1050 3454 merito.

112 3483 168 3545 lpse
183 3488 220 3533 est
235 3479 388 3544 propitiatio
398 3493 449 3596 ¹pro
458 3480 566 3542 pereatis
578 3480 685 3542 oostrr's;
700 3487 723 3530 et
738 3495 788 3530 oon
798 3494 844 3543 pro
867 3481 959 3529 nostrae
973 3477 1085 3537 tantona,
1101 3481 1142 3528 sed

84 3557 105 3600 et
124 3566 171 3614 pro
183 3552 264 3602 totius
281 3549 407 3599 munem
414 3549 506 3598 ..ioan
520 3551 543 3598 2.
553 3551 578 3598 2.

113 3620 164 3671 Cur
177 3632 237 3682 ergo
247 3630 300 3668 non
314 3629 411 3681 sperem
423 3618 451 3666 in
465 3621 564 3668 tantum
576 3620 601 3666 et
614 3617 691 3668 talem
706 3589 873 3676 Salvatorern,
885 3613 1021 3666 dummodo
1032 3628 1074 3666 me
1084 3629 1142 3680 pec·

84 3695 197 3740 catorum
209 3699 329 3739 meorum
340 3687 479 3749 paeniteat?
551 3728 554 3734 .

114 3758 212 3809 Timent
223 3761 345 3822 psseamr
362 3757 538 3818 impoenitens,
548 3759 630 3819 speret
640 3760 756 3818 peccator
767 3754 900 3816 poenitens.

85 3835 235 3951 Ρδξιρεταυίε
259 3831 350 3882 animo
364 3843 421 3880 meo
443 3832 471 3879 in
489 3831 615 3888 Domino,
626 3831 687 3892 qnia
707 3830 808 3891 copioso
830 3827 899 3891 epod
921 3841 978 3878 eam
996 3829 1141 3891 redemptio.

142 3916 175 3954 m.
190 3904 284 3952 12117.
