2612 4542
87 417 92 432 ἰ
298 329 467 400 rnrrusx
484 348 708 403 sxrosrrro.
728 352 807 406 eir.
827 355 866 406 ιι.
1050 359 1104 410 rio

79 435 483 496 16.Proisruaautemetrani·
535 443 655 494 Proianas
674 456 765 494 vocum
783 448 906 496 novitates
921 446 1020 507 deviis,
1043 449 1104 509 qula

48 511 133 578 beura
152 513 261 580 devita;
277 515 394 572 multum
406 519 480 572 enim
504 510 800 563 multdmconieruntad
813 515 968 578 impletatem
979 519 1103 568 thammo

47 588 186 652 proliciunt
202 591 239 644 sd
258 591 449 659 impietatem?
503 580 719 642 ingenerasdam3

74 667 407 725 i'i.Etsermoe01-um11t
418 685 480 726 ean-
532 669 565 718 Et
573 683 655 721 sermo
664 672 766 724 illorum
775 675 880 737 proteus
890 681 915 726 et
926 677 1102 740 nosuloquen·

47 755 87 795 ρει·
98 745 197 811 serpit,
211 760 246 800 ex
261 748 363 814 quipus
373 755 415 804 esp
424 753 481 818 ny.
502 740 567 788 tlum
577 775 584 800 ‚
596 742 675 790 instar
683 745 794 822 canceris
803 747 848 792 sut
861 756 999 806 parmense
1010 749 1093 808 serpit

47 823 355 890 ¹⁰⁰⁰³⁸¹¹⁸⁰‘¹'¹¹³¹⁰¹⁰⁵·
503 809 1095 932 titii.'iiiii¹i.¹.⁰.ii.¹iii¹¹liillii

502 945 654 1010 ilpmeuaeus
668 951 693 997 et
710 939 832 998 Philetus.
1093 933 1096 940 ⁴

74 1005 114 1054 l8.
127 1003 178 1065 Qui
195 1004 212 1057 d
232 1005 347 1060 veritate
366 1007 479 1061 excide·
531 1013 578 1074 Qui
598 1017 666 1065 circs
688 1018 820 1067 veritatem
840 1017 1037 1081 aberraverunt,
1062 1022 1095 1070 di·

46 1083 117 1142 runi,
143 1079 270 1134 diceutes
296 1085 478 1138 resurrectio-
501 1077 888 1148 euntesquddrssurrectiotum
902 1087 968 1138 iectu
982 1091 1015 1139 sit
1029 1088 1097 1153 (spi-

52 1183 1096 1222 Ἢ

69 1255 227 1319 Secundum,
244 1261 279 1309 slt
289 1259 493 1312 inconfusibilis:
511 1273 570 1314 sum
585 1277 637 1314 non
648 1267 741 1328 pudeat
758 1273 841 1320 erucis
852 1270 959 1333 Christi,
973 1285 1020 1323 nco
1030 1274 1100 1326 illius

46 1329 183 1387 ministerii.
197 1341 244 1378 seu
254 1329 450 1392 predicationis.

58 1397 118 1516 istm
129 1435 136 1456 ‚
148 1399 237 1460 ipsum
256 1399 324 1448 nihil
333 1411 421 1452 eorum
431 1413 487 1463 quae
499 1403 534 1452 ad
542 1406 660 1466 pietatem
674 1408 891 1469 pertinentisoerc
905 1410 1006 1473 pudeat.
1021 1411 1099 1464 Theo·

45 1471 178 1586 pbrlabtaurffc
186 1539 257 1598 piam
268 1548 321 1586 nou
335 1501 535 1592 erubescentiam
548 1542 642 1604 ubtuue
656 1543 773 1598 hortatur
784 1545 917 1612 Apostolus
927 1585 935 1611 ,
947 1553 1098 1603 sinuosius

46 1619 109 1656 causa
122 1625 129 1655 s
141 1606 219 1668 quia,
235 1609 264 1654 ut
274 1608 310 1656 ait
324 1607 393 1657 idem
406 1609 607 1674 'theophylactus
618 1650 626 1674 ,
637 1615 665 1664 lu
678 1628 704 1664 n.
717 1619 731 1666 8
747 1617 824 1678 butus
836 1621 943 1682 eapitis,

69 1674 129 1724 ideo
140 1673 294 1725 humiliatus
303 1679 340 1726 cst
352 1675 418 1728 heus
427 1683 528 1741 propior
539 1693 584 1732 nos
592 1718 600 1742 ,
609 1687 637 1732 ut
649 1683 765 1736 hominos
778 1687 926 1739 erubescant
938 1693 1036 1742 tanmm
1046 1692 1097 1742 hu-

45 1742 200 1794 miliarionsm
214 1743 342 1806 applicare
356 1744 414 1794 lleo.
429 1746 498 1796 ldom
507 1748 564 1798 aliis
574 1751 656 1802 verbis
667 1753 696 1802 ll.
710 1753 903 1816 Chryscstomus
913 1759 940 1806 ln
954 1772 982 1809 n.
993 1763 1017 1809 8.

68 1813 175 1864 Tertium
186 1851 194 1873 ,
206 1825 234 1863 so
252 1816 378 1864 nutricem
391 1815 546 1878 consideret,
557 1831 698 1884 panemque
710 1826 769 1874 vita
779 1829 905 1886 secatum,
919 1830 1095 1880 accommoda-

43 1885 89 1930 ium
103 1883 242 1943 unicuique
257 1882 400 1932 distribuat.

68 1950 155 2000 Nucem
169 1952 280 2012 aperiat,
296 1954 324 2000 ui
337 1951 443 2002 nucleus
458 1957 542 2016 puteat
552 1991 560 2014 ‚
572 1959 628 2018 capi
644 1961 669 2006 et
679 1960 777 2009 comedi
790 1963 877 2022 possit.

68 2015 129 2068 Pluto
149 2019 312 2069 dialecticum
330 2018 455 2072 insulsum
473 2022 580 2073 recubat
596 2023 693 2076 malum
706 2037 814 2087 cocum,
829 2040 859 2077 co
878 2028 945 2090 quoi
958 2041 1009 2079 non
1027 2033 1094 2082 recto

44 2093 141 2150 secaret,
158 2101 204 2138 seu
217 2088 348 2139 divideret.

72 2167 105 2226 il.
115 2173 234 2240 Profecto
249 2173 334 2228 cutem
347 2169 373 2230 el'
379 2171 537 2246 imbuite.

65 2245 102 2296 tir.
117 2249 143 2296 at
154 2246 274 2309 protenus
283 2260 377 2308 ,vanas
391 2249 778 2314 vocescohib051nGraeconon
795 2256 832 2306 est
846 2255 992 2318 coniunctio
1008 2263 1040 2310 ei.

66 2309 92 2365 b.
102 2315 295 2379 chrysostomus
309 2334 316 2366 ε
334 2317 451 2380 profanas
464 2331 558 2370 vocum
568 2322 692 2372 novitates
708 2323 801 2374 devita.

64 2384 173 2438 Alterum
184 2389 257 2440 notat
267 2385 375 2438 mosum
388 2388 549 2440 inconcione
561 2390 878 2455 divisiverbivitandum
891 2396 963 2456 quasi
976 2393 1089 2444 discretz

37 2455 172 2524 dprotanis
183 2461 306 2521 venisque
323 2459 427 2510 vocibus
439 2472 508 2510 cave.

61 2529 123 2590 Quin
135 2531 212 2579 etiam
222 2541 264 2578 ess
277 2528 366 2578 cohibe
376 2565 383 2588 ‚
395 2530 454 2590 quia
466 2527 577 2580 multhm
589 2529 723 2580 conterunt
730 2531 763 2581 ad
773 2529 928 2594 impietatem
941 2532 1092 2592 ingeneran-

38 2597 89 2647 dom
99 2601 124 2646 ct
134 2596 334 2660 promovendam
347 2599 374 2646 ln
391 2598 487 2646 animo.

62 2668 140 2726 Num,
154 2669 184 2716 ut
195 2668 232 2716 ait
248 2665 278 2715 ll.
289 2664 496 2726 Chrysosiomus,
514 2665 573 2716 edm
584 2666 646 2728 quid
660 2667 720 2716 novi
738 2663 814 2716 luerit
832 2668 964 2714 inventum
974 2701 981 2725 ,
993 2677 1091 2726 semper

36 2748 96 2786 nora
112 2735 447 2800 idpartur1t3lnllnitusque
463 2736 492 2784 lit
507 2749 575 2785 error
589 2738 643 2796 ejus
653 2772 660 2796 ‚
672 2737 715 2796 qui
727 2733 890 2797 tranquillam
901 2734 1027 2794 iidemque
1040 2738 1091 2782 sta·

37 2805 126 2854 tionem
138 2803 231 2854 littoris
242 2815 371 2865 egressus,
386 2817 431 2867 per
443 2804 514 2853 devie
526 2805 629 2866 coperit
641 2805 736 2864 sugeri.

62 2894 99 2940 it.
110 2891 143 2940 ht
152 2896 234 2940 sumo
246 2903 362 2940 eorum...
373 2889 470 2940 scilicet
479 2927 487 2950 ,
496 2890 729 2950 vaniloquentiam,
744 2901 789 2938 sou
802 2887 903 2938 illorum
914 2889 1090 2939 hereticorum
1159 2931 1165 2942 .

36 2961 74 3019 qui
86 2957 190 3021 protana
204 2961 229 3007 st
241 2969 307 3007 nova
320 2956 472 3018 loquuntur,
487 2961 523 3008 est
539 2959 618 3012 instar
628 2969 776 3019 mugiens.

59 3028 102 3078 Gr.
119 3031 148 3076 ut
162 3037 295 3089 gangrmm
314 3030 414 3088 pastum
431 3027 550 3087 hebebit,
567 3026 593 3076 ld
610 3031 666 3087 est,
679 3039 781 3076 carnem
794 3028 871 3076 etium
884 3040 972 3078 sunam
986 3027 1035 3076 late
1046 3026 1090 3077 de-

37 3099 125 3158 pascet.
440 3095 443 3099 ’

58 3166 134 3228 Quasi
154 3165 249 3216 diecret
262 3183 269 3216 s
281 3163 514 3216 Pestilensillorum
535 3165 718 3225 doetrina,sou
738 3176 820 3215 sermo
839 3164 1090 3215 hereticorumvans

34 3235 174 3299 etprolana
189 3233 361 3295 loquentium,
373 3235 452 3283 instar
472 3245 625 3295 gangrense,
645 3238 691 3284 aut
710 3236 835 3294 canceris,
855 3235 932 3296 serpit
948 3235 1090 3294 terrenique

34 3309 67 3355 sui
82 3309 136 3356 rim
148 3305 247 3366 lougius
258 3316 357 3366 semper
369 3302 503 3364 diffundit,
517 3304 596 3353 dorreo
609 3308 691 3354 totum
700 3305 839 3365 corruperit
851 3314 950 3363 corpus.

60 3375 158 3424 Cancer
174 3376 211 3421 cst
223 3372 328 3422 morbus
338 3371 500 3434 putredinem
514 3371 637 3432 ciliciens,
649 3370 759 3433 adeoque
773 3371 858 3420 omnia
870 3371 1034 3420 circumcirca
1045 3368 1089 3418 de-

33 3453 142 3502 poscens.
154 3440 365 3502 theophylactus.

58 3510 129 3558 lilius
139 3509 221 3566 morbi
232 3509 362 3570 proprium
377 3511 415 3558 est
426 3520 513 3558 earnes
526 3507 652 3569 proximas
667 3507 769 3557 eredere
779 3541 786 3566 ,
797 3508 821 3555 et
834 3504 900 3567 quod
911 3516 1001 3553 sanum
1017 3506 1041 3553 et
1052 3506 1090 3554 iu·

33 3582 127 3639 tegrum
141 3581 179 3626 est
191 3575 315 3639 paulatim
325 3588 504 3638 corrumpere:
519 3578 554 3625 iia
570 3579 607 3624 cst
617 3575 648 3624 de
658 3575 834 3626 hereticorum
845 3573 967 3622 doctriua.

58 3654 99 3700 Ec
110 3651 235 3714 quibua...
251 3649 278 3698 id
296 3652 352 3710 ost,
369 3663 399 3700 cx
411 3661 520 3712 quorum
534 3649 710 3699 haereticorum
725 3659 832 3698 numero
850 3651 885 3695 est
901 3647 1048 3708 Hymenaeus
1068 3655 1090 3698 et

34 3717 185 3841 Pliiloesfldsuos
195 3789 372 3840 hereticorum
380 3790 520 3852 praecipuos
532 3789 664 3848 nominet,
677 3791 706 3836 ut
717 3785 749 3836 ab
764 3785 810 3847 eis,
825 3783 873 3834 sibi
886 3783 1089 3836 caveantildeles.

61 3881 97 3927 18.
115 3875 166 3936 Qui
175 3874 192 3925 d
201 3877 306 3925 aalma
320 3875 490 3925 occiduunt...

57 3945 99 3995 Gr.
110 3945 156 4006 qui
168 3945 237 4002 circa
250 3945 382 3993 veritatem
395 3943 583 3993 aberraverunt.

64 4019 176 4070 herentes
198 4017 468 4080 commotiunculam
483 4015 591 4080 foetare,
606 4015 631 4064 id
651 4018 705 4077 est,
718 4013 829 4064 dicentes
846 4015 912 4077 qubd
935 4018 1019 4066 omniu
1036 4025 1091 4076 que
