2612 4542
191 350 245 404 itt
365 343 547 401 SECUNDAE
566 338 767 399 EPISTOLAE
785 341 832 398 sb
851 341 1081 398 urbanitatis!

189 443 235 494 tibi
246 443 382 503 Dominus,
401 446 427 493 et
444 440 601 492 intellectum
613 437 682 489 iabit
693 439 721 489 in
733 450 788 488 om·
808 439 850 493 bit
859 439 996 495 enimtibi
1008 439 1143 494 Dominus
1154 433 1185 490 in
1194 449 1249 491 om·

191 513 267 564 uibus
281 511 323 575 (si
336 511 472 562 attenderis
483 515 508 562 et
519 509 643 561 auxilinm
655 510 756 572 petieris
769 505 786 570 ).
810 519 893 574 nibus
903 519 1082 572 {melleam

220 596 345 646 ilemento
363 597 388 645 et
407 595 488 658 cogita
506 607 571 657 sepe
586 593 653 656 qnod
667 593 788 644 Dominus
845 597 872 648 8.
895 597 999 647 Memor
1022 599 1083 646 esto
1102 591 1250 646 bominum

191 666 263 718 Jesus
275 665 404 727 Christus,
428 677 459 716 ex
479 663 581 715 basilis
598 665 695 714 semine
714 665 789 712 natus
810 675 905 727 pesum
913 671 1052 726 Christum
1068 670 1250 724 resurrexim

192 736 202 798 (
218 739 395 798 postmortem
412 732 570 796 acerbam),
588 733 724 783 resurrexit
738 731 790 793 glo-
812 747 1252 810 amorgujgexsgminepavisssg.

191 804 293 865 riosus,
322 802 463 853 secundum
494 801 625 863 Evangelii
658 802 789 850 ueritatem
812 824 935 881 cundfim
946 826 1129 892 &angelium
1139 838 1249 898 meum,

190 883 268 932 quem
287 871 407 920 omuibus
423 871 516 930 ubique
533 867 652 931 praedico.

223 939 348 990 biemento
369 942 395 988 et
416 936 604 1000 quodpropter
626 933 790 995 evangelium
847 938 875 989 9.
888 937 921 988 in
935 947 993 1002 quo
1011 933 1109 988 laboro
1118 932 1250 1000 usquead

135 1039 144 1060 ι
193 1018 238 1068 ego
250 1005 385 1069 (magister
403 1003 484 1067 tuns)
501 1007 583 1066 patior
601 1003 749 1054 afflictiones
766 1007 791 1052 et
814 1013 930 1079 vincula,
940 1011 1021 1080 quasi
1032 1011 1249 1080 malpopemns:

192 1078 379 1138 persecutiones
400 1087 480 1136 usqne
495 1073 675 1123 adsoarcerem
693 1077 718 1123 et
734 1076 791 1123 rin-

104 1175 105 1180 1
192 1143 266 1262 ffi’
282 1146 354 1206 qnasi
371 1141 501 1192 maleficus
515 1145 544 1192 et
562 1141 718 1192 facinorosus
733 1143 789 1204 qni·

257 1231 269 1274 ι

194 1371 247 1410 nou
262 1363 343 1411 estut
362 1358 484 1424 explicem
493 1379 501 1422 ς
520 1359 586 1410 bens
607 1361 677 1410 euim
690 1358 846 1410 intellectum
862 1359 909 1408 tibi
929 1357 999 1408 tiabit
1016 1362 1046 1408 ut
1060 1371 1104 1408 eas
1123 1358 1250 1421 inteiligas.

224 1435 304 1486 Dabit
319 1437 385 1486 enim
403 1435 451 1484 tibi
464 1436 588 1486 Dominus
602 1435 631 1484 ιι
644 1434 760 1485 omnibns
778 1433 939 1484 intellectum.
948 1433 991 1483 Gr.
1003 1432 1046 1482 det
1058 1433 1104 1483 tibi
1120 1434 1195 1484 Dens.

225 1504 255 1554 ln
267 1503 347 1553 milite
360 1501 484 1563 intelliges
498 1502 568 1563 quoi
584 1502 674 1552 (iebeas
693 1501 800 1550 libenter
815 1503 884 1563 pati,
901 1500 974 1551 tortis
991 1513 1060 1564 esse,
1077 1505 1146 1553 totns
1165 1502 1250 1554 Christi

195 1572 293 1624 milities
304 1582 411 1631 vacare,
423 1574 453 1620 ut
466 1571 566 1622 Christo
578 1607 587 1632 ,
600 1571 660 1621 duci
676 1573 737 1631 tuo;
747 1569 857 1633 placeas·

226 1642 255 1691 iu
265 1640 360 1690 athleta
373 1637 496 1702 intelliges
511 1639 579 1702 qnod
589 1640 635 1690 tibi
651 1652 703 1689 nou
718 1639 811 1688 sutiicit
823 1641 935 1700 certare,
948 1637 993 1690 sed
1007 1647 1033 1690 et
1045 1639 1173 1702 legitime3
1184 1645 1251 1702 juxta

197 1709 289 1760 christi
302 1707 367 1771 ieges
378 1708 558 1771 pugnandum,
574 1707 691 1769 sobrius,
704 1706 830 1770 prudeus,
841 1711 941 1768 cestus,
952 1709 984 1759 ab
995 1710 1115 1760 omnibus
1129 1711 1252 1761 abstinens

196 1789 253 1840 quae
264 1779 397 1829 victoriam
410 1777 507 1841 possint
517 1776 648 1841 impedire.

209 1847 257 1913 'ln
278 1845 402 1909 agricola,
421 1845 552 1896 fruetuum
575 1857 620 1908 spe
640 1847 679 1896 tot
695 1843 792 1896 labores
809 1847 934 1909 patienter
954 1848 1123 1910 suscipiente,
1146 1847 1251 1911 intelligo

196 1927 304 1967 messem
322 1915 368 1966 tibi
383 1917 412 1965 in
427 1914 496 1965 eoeiis
512 1917 688 1977 preparatam.
884 1937 891 1950 ·

178 2033 180 2039 ,
226 1985 273 2036 Ηιι
284 1984 331 2035 tibi
348 1983 514 2034 laborantium
526 1983 629 2046 quidem
640 2003 647 2043 ς
660 1982 705 2032 sed
722 1983 758 2034 ibi
775 1985 864 2034 metes.

226 2055 273 2106 Hic
287 2052 436 2118 patiendum
442 2071 452 2114 ς
463 2052 498 2103 ιιι
514 2052 628 2113 quiesces
638 2053 667 2101 iu
680 2064 780 2101 summa
794 2055 820 2101 et
832 2055 927 2102 eterna
937 2050 1103 2105 beatitudine.

226 2124 273 2176 iiio
287 2121 438 2180 ‘certantium
456 2121 502 2171 tibi
515 2124 570 2182 est3
584 2119 619 2170 ibi
632 2119 710 2182 gloria
724 2123 876 2180 coronatus„
893 2121 921 2190 in
941 2125 1063 2173 eternum
1078 2123 1250 2189 triumphabis.

226 2193 285 2243 ilaeo
300 2204 352 2242 nou
371 2189 458 2242 mimis
472 2192 545 2241 uobis
560 2190 638 2252 quam
653 2188 785 2239 Timotheo
803 2189 888 2251 dicta;
921 2251 925 2260 ι

228 2261 271 2321 Si,
285 2264 314 2310 ut
326 2259 419 2310 Christi
434 2259 543 2320 mliites,
559 2259 658 2310 fortiter
669 2260 812 2321 patiamur;

229 2330 271 2390 si,
288 2332 317 2378 nt
331 2328 446 2390 athleta,
463 2326 579 2378 abstemii
593 2339 734 2391 pugnemus
742 2348 750 2389 ς

229 2399 273 2458 Si,
287 2402 316 2447 nt
325 2397 455 2460 agricole,
468 2389 568 2447 assidue
578 2397 671 2447 Christi
683 2409 772 2458 agrurn
790 2397 912 2449 colemus.

227 2466 261 2517 lit
272 2465 327 2515 inec
340 2466 426 2514 omnia
441 2467 590 2526 prestamus
608 2463 740 2526 alacriter,
758 2470 879 2518 sternam
891 2470 1044 2533 aspiciamus
1063 2467 1249 2523 beatitudinem.

194 2535 200 2546 '
229 2552 254 2599 8.
271 2547 365 2598 nemer
382 2551 432 2596 esto
449 2545 586 2596 Dominam
600 2551 715 2596 nostram
732 2546 819 2598 Jcsnm
832 2548 959 2601 Cbrsstnm
970 2551 1172 2604 resurrexisse...
1183 2556 1248 2617 qnasi

198 2619 310 2669 ‹liceretz
325 2616 422 2680 indiges
432 2616 510 2678 huius
522 2621 621 2668 {eterna
635 2617 799 2669 beatitudinis
809 2621 904 2669 intuItn
914 2621 1063 2673 confortari·

227 2688 313 2750 Cogita
327 2685 456 2737 Christum
468 2704 476 2736 ε
488 2699 517 2736 ec
530 2686 622 2736 senine
633 2687 718 2738 David
731 2691 806 2736 natus
819 2693 857 2738 est
869 2689 982 2740 mortalis
1000 2696 1026 2740 et
1044 2691 1184 2754 passibilisr
1201 2697 1249 2743 toto

197 2761 310 2821 temporo
321 2757 379 2806 rite
392 2755 528 2817 laborarit,
539 2767 629 2820 passus
643 2760 698 2817 est,
716 2755 821 2807 taudem
838 2759 866 2807 in
877 2770 953 2808 cruce
966 2760 1084 2812 acerbam
1099 2767 1125 2813 et
1137 2761 1249 2813 infamem

199 2839 245 2891 pro
259 2827 331 2878 uobis
344 2830 451 2878 mortem
464 2825 532 2877 tulit.
947 2841 949 2846 ·

229 2895 331 2957 cogita,
346 2898 450 2958 iuquam
461 2931 468 2956 ,
479 2893 548 2956 quod
556 2893 697 2958 gloriosus,
706 2893 811 2958 beatus,
823 2895 972 2948 immortalis
981 2901 1248 2964 resurrexit,sedetque
1301 2907 1302 2938 t

199 2965 231 3014 ed
249 2964 376 3015 dexteram
391 2966 539 3026 maiestatis.

228 3030 299 3092 Quod
312 3030 426 3093 Christo,
441 3032 518 3095 cepiti
534 3035 560 3082 et
573 3031 634 3083 inci
649 3036 750 3097 nostro,
762 3035 887 3098 contigit,
899 3035 948 3088 hoc
967 3039 992 3087 et
1004 3038 1094 3101 uobis,
1107 3042 1161 3102 ejus
1172 3051 1248 3090 mem·

198 3100 250 3149 bris
261 3101 286 3147 et
296 3098 436 3159 militibus,
448 3101 555 3150 eveniet.

228 3168 347 3230 Siipsius
365 3168 440 3218 cansa
452 3171 581 3232 patiamur
589 3207 597 3234 ,
615 3170 780 3233 laboremus,
794 3172 950 3236 moriamur,
966 3185 1126 3238 resurgemus
1140 3177 1248 3240 impassi-

198 3236 275 3297 biles,
288 3236 372 3298 beati,
388 3237 551 3288 immortales.

228 3309 370 3361 Secundum
388 3312 556 3374 benepatiens
576 3325 676 3371 mecm,
694 3312 721 3364 iol
741 3315 792 3374 est,
814 3313 955 3366 secundum
975 3315 1104 3384 Evangelii
1126 3320 1249 3371 reritetmt

198 3395 275 3443 quern
289 3381 383 3444 ubique
398 3386 424 3432 et
438 3381 556 3432 omnibns
571 3382 689 3446 praedico.

227 3468 252 3514 9.
271 3465 301 3514 In
314 3478 363 3528 qno
377 3463 475 3515 in‘boro.

227 3532 270 3583 Vis
282 3532 425 3597 exemplum
437 3533 549 3584 bominis
563 3534 699 3596 patientis,
712 3535 832 3584 certantis
846 3539 873 3585 et
886 3533 1043 3587 laborantist

226 3601 350 3652 iiemeuto
365 3601 433 3664 mei,
449 3603 566 3664 magistri
578 3603 627 3652 tui.

199 3678 258 3793 1⁸17in
270 3690 335 3794 pulo,
349 3675 438 3736 idest,
450 3675 506 3736 eius
516 3675 612 3738 cansa,
623 3688 669 3727 sen
679 3679 780 3742 propter
791 3675 920 3728 Christum
931 3680 1033 3742 eiusque
1045 3677 1248 3744 promulgandum
1300 3663 1301 3704 3

210 3758 212 3760 ·
236 3757 298 3806 enge
319 3757 371 3794 nm.

229 3819 343 3879 cotom,
355 3819 398 3869 tir.
409 3819 551 3878 κακοπαθῶ,
566 3819 633 3871 mala
644 3824 741 3886 patior,
753 3820 865 3885 affligor,
875 3824 1062 3888 incarceratus,
1074 3825 1178 3877 rincniis
1188 3834 1248 3874 eou-

200 3887 316 3945 striotns,
329 3888 400 3947 qnasi
413 3886 493 3937 iorem
508 3887 653 3940 malefactor
665 3895 690 3940 et
700 3890 865 3942 facinorosus.

230 3954 312 4003 Patior
326 3965 383 4015 ergo
399 3967 537 4017 carcerom,
556 3959 672 4020 vincula,
688 3960 833 4023 infamiam
852 3960 896 4012 seri
915 3971 967 4014 non
989 3961 1107 4030 delicium
1124 3959 1248 4027 quinimb,

202 4022 298 4074 tortiter
310 4034 393 4086 pugno
402 4057 412 4084 ,
420 4025 536 4086 quamvis
548 4023 647 4089 ligatus.
