2622 4552
307 264 480 319 intutus
497 266 717 324 uxeosiiio.
738 272 819 326 GAP.
839 273 887 327 Χῐ.
1077 277 1130 330 5Ἲὸ

59 369 118 410 non
131 359 237 414 veritus
246 360 449 414 animositatem
461 375 506 415 re·
530 364 604 412 cessit
624 375 654 413 cr
669 363 775 428 AEgrpto
785 401 792 426 ,
804 377 851 416 nec
864 368 929 428 regis
941 368 1047 420 visibitis
1060 367 1133 419 iuro-

60 436 102 500 gis
126 454 133 487 g
156 436 324 490 invisibilem
348 439 422 491 enim
442 443 505 490 tan.
529 439 583 480 Tem
602 431 860 496 reformidavit,quia
879 434 958 485 Deum
975 436 1128 488 iuvlslbllein

61 527 148 578 quam
161 513 259 568 videns
269 516 409 568 sustinuit·
527 501 600 561 quasi
611 501 770 558 intuebatur.
780 505 806 550 et
816 504 850 552 iia
859 506 1009 564 presentem
1020 503 1127 555 hahebat

528 569 614 619 animo
623 605 630 629 ,
640 582 670 619 ac
680 571 701 619 si
711 569 807 620 videret
819 569 909 620 oculis.

94 625 140 677 28.
153 623 222 678 Fide
231 624 378 678 celebravit
390 625 504 692 Pascha,
559 635 600 686 Sic
612 641 638 686 et
649 636 697 686 hdo
708 637 803 688 Pascha
814 637 958 696 celebrarit,
967 641 992 688 ct
1001 639 1127 702 paschalis

58 705 85 751 et
102 701 250 768 sanguinis
269 700 450 766 allusionem,
469 716 505 755 ne
529 701 591 765 igni
600 706 722 766 mugetus
735 704 938 767 superliminaria
950 707 975 754 ct
988 709 1070 767 postes
1081 706 1124 755 do-

57 777 107 842 qui
129 778 256 831 vastabat
275 777 431 848 primitiva,
444 783 507 830 tan·
528 772 585 823 iniis
596 775 715 835 aspersit,
726 785 759 822 ne
769 772 877 834 Angelus
891 773 1057 834 primogenita
1068 784 1124 827 vas·

58 857 138 917 geret
154 865 215 906 eos,
528 845 767 905 tans,qucmquam
780 854 885 892 suorum
896 845 1017 904 tangeret.

90 930 138 981 29·
154 927 223 982 Fide
243 931 415 984 transierunt
429 944 506 984 mile
557 947 617 1000 Fide
638 961 728 1000 ornnes
747 947 865 999 israelita
890 948 995 1010 ingressi
1016 950 1076 998 sunt
1098 950 1125 999 in

57 1006 201 1071 Rubrum,
219 1012 354 1075 tanquam
374 1021 424 1075 per
447 1009 505 1061 ari·
527 1029 612 1078 mare,
627 1017 731 1068 etdiesi
743 1029 787 1079 per
798 1015 863 1066 illud
873 1017 1043 1075 transierunt,
1054 1019 1125 1077 qussi

55 1082 122 1134 dans
148 1088 269 1150 terram;
294 1085 371 1152 quod
399 1086 504 1152 experti
526 1081 962 1148 persiccumzquodaustiniideles
972 1081 1124 1147 AEgypuinn

56 1161 195 1228 AEgyptii‚
206 1160 331 1216 devorati
341 1168 415 1216 sunt.
527 1156 599 1215 stills
615 1155 675 1202 ⁸⁰0¹
688 1153 808 1216 flbfflmll·
852 1153 860 1168 ⁶

90 1241 137 1291 50·
152 1237 222 1292 Fide
234 1239 307 1293 muri
318 1239 430 1294 Iericho
442 1254 505 1295 00¹·-
556 1250 616 1302 Fide
625 1251 700 1301 tosus
710 1256 736 1300 et
745 1250 832 1313 populi
846 1257 996 1302 corruerunt
1006 1253 1074 1302 muri
1087 1213 1126 1301 Jel

56 1321 191 1381 ruerunt,
200 1315 318 1370 circuitu
327 1315 435 1370 dierum
444 1331 505 1384 sep·
527 1319 598 1370 richo
611 1320 718 1382 septimo
729 1318 783 1378 dle,
795 1320 887 1382 septies
897 1319 1004 1368 ambiit:
1092 1338 1098 1346 ·

17 1456 22 1467 ¹
55 1397 143 1522 legi.
159 1469 228 1524 Pide
250 1469 346 1524 Rshah
372 1471 503 1525 meretrix
557 1471 660 1532 Quinet
675 1466 762 1520 lishah
776 1470 910 1530 meretrix,
926 1466 985 1519 iidei
1003 1481 1055 1520 suae
1071 1480 1123 1555 me·-

84 1643 144 1702 iiou
154 1646 239 1705 agitur
249 1642 293 1695 hlc
304 1645 403 1707 deiuge
414 1644 504 1708 Moysis
512 1649 539 1696 in
550 1649 644 1697 terram
655 1643 768 1695 Madbns
776 1647 838 1695 tune
849 1641 988 1706 euimiugit
996 1643 1124 1693 extimare

60 1715 128 1775 regis
140 1732 148 1761 r
161 1712 205 1763 hle
217 1718 303 1762 autom
318 1714 410 1765 dicitur
421 1714 488 1776 qudd
498 1730 547 1764 noa
561 1716 730 1766 stevartius...
745 1737 749 1745 ·

86 1781 180 1842 Agitur
194 1782 278 1842 itaque
293 1780 323 1832 do
333 1781 401 1831 exitu
414 1784 556 1832 cumomni
570 1783 662 1847 populo
672 1819 680 1844 ‚
690 1785 717 1831 et
729 1792 818 1832 seusus
827 1783 883 1831 ests

90 1856 154 1904 Pide
172 1855 224 1916 qud
239 1853 345 1906 credidit
359 1855 463 1906 oraculo
480 1855 539 1905 rubi
557 1859 583 1905 et
601 1855 657 1906 otiis
668 1892 675 1914 ,
687 1867 765 1906 ausus
779 1859 817 1905 est
830 1853 953 1919 populum
972 1854 1078 1906 murare
1093 1865 1123 1904 cx
1141 1881 1143 1896 ·

59 1923 185 1988 AEgypim
193 1937 241 1975 nee
255 1925 427 1976 reformidavit
438 1926 503 1975 iram
512 1928 576 1988 regis
587 1925 708 1976 risibilius

84 1997 245 2048 insecutum
256 1999 351 2050 enim...
362 2002 422 2062 quia
433 1998 514 2047 iteum
528 1999 679 2049 invisibilem
691 2002 726 2049 ita
738 2001 887 2062 presentem
899 1997 1007 2048 habebat
1022 2001 1121 2059 animo,

54 2080 84 2118 ac
95 2069 120 2116 si
137 2065 226 2117 revera
241 2079 301 2116 eum
312 2070 469 2130 conspiceret
480 2065 569 2117 oeulis.
582 2066 639 2129 Syr.
650 2067 693 2118 sed
704 2080 776 2132 spem
790 2067 880 2118 habuit
889 2067 994 2131 perinde
1005 2080 1035 2117 aa
1048 2069 1070 2117 si
1081 2070 1121 2117 vi-

53 2135 126 2185 deret
136 2134 219 2184 ileum
230 2135 392 2186 invisibilem.

83 2203 154 2265 Quid
165 2214 218 2253 non
231 2203 323 2254 iaceret
335 2204 379 2253 ilci
394 2217 440 2257 uos
453 2207 575 2256 intuentis
584 2207 734 2269 prasentia,
751 2205 773 2254 sl
785 2204 861 2256 iidem
872 2203 1039 2256 haberemus?

83 2294 126 2341 28.
138 2291 200 2340 Fide
217 2287 349 2340 celebrauit
361 2291 492 2342 Pascha...
508 2293 535 2342 id
547 2296 600 2354 est,
611 2293 661 2342 iidc
673 2291 769 2342 Pascha
785 2291 933 2352 celebrarit,
945 2295 970 2342 et
987 2293 1045 2355 agni
1063 2305 1122 2350 sanv

55 2363 135 2422 gulne
152 2357 354 2423 superliminaria
365 2360 456 2411 domus
471 2366 497 2412 ct
506 2364 589 2424 postes
599 2364 712 2426 aspersit.

85 2430 149 2479 Sino
164 2428 213 2478 ilde
223 2430 291 2478 onim
304 2430 430 2489 quoiuodo
443 2431 588 2482 credidisset
598 2434 707 2481 mortem
720 2431 775 2481 ovis
791 2431 914 2492 sanguine
925 2429 1121 2493 prohibuissed

54 2511 100 2560 per
115 2502 206 2560 typum
218 2495 371 2558 previdebat
381 2499 513 2548 veritatem
530 2503 555 2548 et
570 2501 659 2550 mortis
677 2499 816 2550 Dominiee
831 2498 955 2562 cogitabat
971 2501 1119 2568 poteptiam.

54 2566 237 2616 Theodoretus.

86 2641 124 2690 Ne
139 2641 187 2701 pai
202 2639 347 2691 cumbet...
364 2640 406 2691 Gr.
422 2653 454 2691 ne
471 2638 513 2692 itte
526 2637 652 2704 perimens
666 2641 850 2704 primogenita,
869 2642 917 2690 etc.
929 2639 985 2703 syr.
997 2652 1030 2691 ne
1048 2651 1121 2692 scee-

55 2709 128 2758 deret
143 2707 177 2756 ad
188 2720 229 2758 eos
244 2710 287 2770 qui
301 2709 443 2760 destruebat
455 2712 630 2772 primogenita.
643 2708 703 2758 Vide
714 2709 861 2768 historiam,
872 2708 951 2758 Exod.
965 2712 1002 2758 it.

83 2777 197 2838 Angelus
211 2781 340 2837 vastator,
354 2790 398 2827 seu
412 2776 695 2833 exterminator,ridens
708 2779 857 2838 sanguinem
867 2776 924 2838 agni
940 2788 1015 2839 super
1027 2779 1118 2839 postes,

53 2845 215 2896 transiliebat
226 2845 313 2897 domos
324 2846 481 2904 iudeorum,
493 2851 519 2896 et
531 2845 564 2895 ab
574 2845 624 2896 hoe
634 2846 758 2905 transitu,
771 2857 815 2896 seu
826 2844 954 2896 transilita
963 2849 1032 2914 ,mm
1040 2859 1120 2908 agnus

53 2918 132 2978 quam
148 2915 242 2967 testum
252 2916 320 2968 dieta
332 2919 392 2966 sunt
403 2916 508 2966 Pascha.

83 2986 173 3047 riguus
186 2985 311 3047 paschalis
323 2989 377 3036 erat
394 2985 474 3052 ligura
489 2985 581 3036 Chrlsti
595 2982 735 3046 immolati,
751 2985 837 3048 utpote
854 2986 929 3048 euius
949 2987 1071 3050 sanguine
1088 2987 1120 3040 tib

54 3053 153 3115 Angelo
165 3055 337 3116 percutiente.
354 3054 380 3104 id
394 3051 448 3114 cst,
461 3054 476 3103 i
489 3053 587 3105 diaholo
599 3055 688 3104 salvati
700 3067 799 3110 sumus.

83 3123 183 3172 Timuit
201 3124 351 3184 sanguinem
371 3121 494 3184 Angelus,
511 3123 606 3174 sciehat
627 3125 697 3172 enim
718 3124 791 3186 cuius
814 3125 878 3174 esset
893 3127 985 3187 typum
1003 3125 1118 3186 horrntt,

53 3195 166 3242 moriem
176 3192 276 3241 homini
288 3193 415 3254 cogimus,
427 3197 557 3255 propterea
575 3205 627 3242 non
642 3192 760 3254 tangebat
770 3197 862 3255 postes.
876 3193 906 3243 u.
918 3194 1119 3255 chrysostomus.

87 3283 129 3330 29.
141 3279 203 3329 Fide
216 3280 369 3330 transieram
382 3291 453 3328 more
454 3311 502 3328 .....
516 3278 565 3328 ilde
580 3277 630 3340 qut
647 3277 743 3341 iioyses
753 3281 779 3328 et
794 3276 874 3330 ludat
887 3279 1048 3330 crediderunt
1060 3279 1118 3329 ileo.

57 3349 123 3397 Vide
139 3346 218 3398 uxori.
228 3350 266 3397 24.
277 3351 316 3408 15,
329 3351 366 3406 16,
376 3352 436 3406 etc„
447 3348 553 3407 ingressi
567 3349 666 3396 suntin
678 3351 799 3408 mare‚et
814 3347 885 3397 illesi
900 3359 945 3409 per
957 3346 1037 3406 illud,
1047 3348 1121 3408 qnasi

59 3432 107 3480 per
118 3418 222 3467 endem
235 3418 400 3467 transierunt.

93 3491 168 3549 Quod
180 3491 274 3552 asperti
289 3490 411 3552 AEppptai.
423 3487 466 3538 Gr.
479 3491 552 3549 cujus
565 3489 765 3550 experimentum
777 3489 929 3550 accipientes
942 3485 1065 3550 AEgyptii‚
1077 3487 1121 3536 ab-

56 3561 136 3622 sorpti
144 3562 204 3609 suni
211 3579 219 3620 3
231 3559 257 3608 id
267 3562 303 3608 cst
311 3558 394 3620 ,huod
401 3557 514 3607 inildeles
521 3557 629 3620 AEgyptii
635 3561 733 3608 tentare
739 3553 860 3615 volentes,
868 3557 997 3619 perierunt
1004 3556 1030 3604 lu
1038 3559 1120 3617 aquis.

88 3650 128 3698 30.
141 3645 202 3695 Pide
217 3645 287 3695 muri
304 3641 435 3694 Iericho...
447 3643 580 3693 historiam
591 3641 750 3702 aldelmus,
762 3646 776 3692 6
789 3660 796 3691 2
809 3641 930 3692 tubarum
945 3641 1042 3690 sonitus
1060 3652 1119 3694 cum

58 3714 111 3765 tide
124 3715 225 3774 editus,
237 3713 285 3762 luit
297 3712 474 3762 machinarum
484 3713 577 3771 instar,
588 3712 624 3760 ait
636 3710 813 3760 'theodoretus

87 3808 127 3854 di.
135 3802 197 3853 Pide
212 3799 303 3850 Rahob
319 3799 464 3850 merem...
477 3797 570 3848 auditis
581 3797 700 3860 prodigiis
711 3795 832 3847 transitus
842 3795 988 3846 ludaeorum
996 3805 1041 3858 per
1051 3807 1120 3846 mare

57 3871 172 3922 Rubrum
185 3906 192 3929 ,
204 3867 384 3918 submersionis
406 3865 595 3931 AEgyptlorum,
613 3869 673 3930 eie,
685 3864 771 3917 ltahsh
787 3863 893 3916 eredidit
909 3867 936 3914 iu
953 3863 1032 3916 Deum
1048 3866 1121 3932 errius

63 3940 171 3992 cultores
184 3939 257 3988 erant
271 3934 396 3987 israelita.
