2612 4542
309 307 480 380 latrina
498 313 720 380 arramato.
740 327 819 382 cia.
838 331 879 382 u.
1069 335 1120 386 aar

69 411 117 466 rl'hs
125 406 245 478 quisunt
257 413 370 482 ejus3et
379 416 502 471 discedat
524 430 587 478 qaas
615 421 732 482 operibus
763 420 951 473 demonsimnt.
986 421 1121 476 Priuerni

68 488 99 540 ab
111 487 257 554 iniquitate
276 493 367 546 omnis
386 495 433 562 qui
448 510 501 550 no.
525 485 647 548 Cognovit
660 488 782 538 Dominus
793 491 837 550 qui
852 490 910 538 vera
931 495 991 541 sunt
1007 494 1057 542 sui.
1076 494 1123 546 Se-

68 566 148 619 mina
159 579 264 622 „omen
278 571 400 626 Domini&
525 555 652 605 cuniamr
669 557 784 606 Discedai
795 557 826 606 ah
838 559 983 619 iniquitate,
996 561 1122 620 iustitiam

523 622 583 742 {satri
598 629 715 688 operetur
733 628 816 675 omnis
831 627 874 687 qni
892 628 951 678 rere
964 628 1122 682 christianus

92 853 135 906 llhi
149 854 179 906 D.
191 853 362 920 Hieronymus
379 852 459 910 dicit:
474 861 566 911 lictum
586 861 661 914 iactet
678 861 800 914 Dominus
813 865 857 924 qui
871 862 904 912 ad
918 875 945 912 se
960 867 1119 927 pertincant,

67 923 218 988 Septuaginta
231 927 345 988 hahent,
362 931 609 991 mancaepammus
625 946 665 982 eor
680 933 725 995 pai
743 933 785 982 coi
798 939 865 983 aaut.

91 995 173 1046 Primi
186 995 289 1058 itaque,
306 996 373 1048 hauc
385 1001 412 1048 in
430 1001 515 1048 animo
525 999 620 1051 habeat
632 1003 780 1064 impressam
795 1005 947 1053 sententiam
961 1021 968 1052 r
984 1005 1060 1056 Novit
1070 1007 1121 1055 Dc·

66 1066 140 1182 ”333⁸
148 1101 155 1125 ‚
163 1066 210 1127 pai
220 1066 280 1115 rere
292 1072 351 1116 reat
363 1066 416 1128 aior
431 1088 440 1117 .·
452 1068 517 1118 Dens
528 1071 642 1120 intuetur
653 1082 696 1120 cor
707 1085 716 1122 r
727 1071 985 1134 penetrataulmum‚
999 1073 1120 1125 interiora

66 1145 86 1181 u
126 1167 133 1180 .

80 1201 206 1265 tuncque
218 1203 352 1254 estimem
364 1206 477 1266 persam
490 1205 591 1256 student
608 1218 660 1257 nou
672 1207 774 1258 externa
787 1207 888 1258 mutim
896 1208 1064 1271 professione,
1076 1210 1121 1260 sed

66 1271 193 1320 etintema
203 1271 331 1333 precipue
347 1271 466 1332 religione
482 1273 560 1322 Deum
574 1274 665 1324 colere.
1016 1274 1021 1288 '

89 1337 282 1390 (tortiacreiiuut
296 1343 432 1402 etauimc,
443 1339 493 1390 aaa
505 1343 619 1402 sinceri,
631 1355 716 1393 coram
731 1343 781 1394 Deo
792 1345 836 1404 ,in
847 1345 921 1405 culus
937 1344 1026 1406 cenis
1036 1348 1119 1396 sciant

65 1420 86 1458 aa
96 1411 188 1461 rivere.

89 1479 150 1530 Dcee
163 1481 279 1543 primam
295 1482 349 1531 veri
367 1480 447 1531 tidelis
457 1480 629 1532 characterem
642 1499 649 1530 a
664 1484 795 1532 sinceritas
806 1482 873 1532 iidei.

89 1555 118 1602 Di
132 1555 244 1604 incedat
259 1554 293 1602 ch
309 1553 472 1616 iniquitate...
484 1549 587 1604 Numer.
602 1559 639 1605 it.
656 1559 696 1615 26,
713 1555 775 1605 ubit
790 1556 906 1608 liaaadlte
923 1556 1119 1608 itabernacnlis

65 1621 191 1673 homiuum
208 1624 358 1685 impiorum.

89 1691 219 1752 secundm
230 1691 325 1742 hahent
340 1695 365 1740 et
375 1691 442 1742 hanc
455 1691 561 1743 alteram
574 1695 725 1744 sententiam
736 1694 764 1742 iu
779 1694 866 1743 auimo
877 1692 1009 1757 sigillatam
1021 1714 1028 1744 ι
1038 1696 1120 1746 Dirce-

35 1799 39 1808 .
65 1761 102 1811 dni
113 1761 145 1812 cb
157 1761 303 1824 iniquitate.

89 1829 160 1890 Quasi
174 1829 286 1880 ‹liceretr
301 1828 391 1894 Sciunt
400 1827 468 1891 quin
482 1828 623 1880 Christiane
637 1829 738 1881 credere
748 1841 801 1880 non
814 1829 919 1890 sufficit;
932 1829 976 1881 sed
991 1834 1016 1881 et
1026 1843 1118 1883 secuu-

65 1897 118 1948 itlm
132 1898 209 1949 iidem
221 1897 295 1948 dehet
305 1901 389 1948 rivere
398 1898 430 1958 ‚i
443 1897 510 1948 mna
521 1899 664 1959 declinare,
677 1898 758 1949 iacere
774 1897 880 1948 honum.
993 1917 996 1924 Δ

90 1967 174 2020 Sciunt
188 1968 258 2032 quod
276 1970 321 2030 qai
334 1968 435 2031 iniustel
444 1970 524 2028 vivit,
536 1970 583 2018 etsi
597 1969 682 2024 eredat
692 2005 698 2028 ‚
710 1969 758 2018 cisi
775 1968 876 2018 Domini
891 1979 984 2018 nomen
999 1970 1117 2031 invocet,

65 2049 110 2087 acu
123 2041 163 2090 est
175 2039 235 2089 rere
246 2037 339 2088 Christi
350 2074 359 2100 ,
370 2049 418 2088 nec
431 2037 505 2088 ilium
515 2037 629 2088 Christus
642 2039 754 2099 agnoscit
762 2048 848 2086 suum.

38 2116 41 2126 ¹
89 2107 119 2156 nt
132 2107 200 2159 hanc
213 2109 346 2158 rerItatem
361 2109 473 2170 persuasi
483 2144 490 2169 ,
499 2119 578 2168 quam
597 2119 695 2168 semper
708 2108 736 2156 in
755 2107 842 2156 auimo
853 2107 992 2167 prasertim
1003 2105 1115 2165 habent.

65 2175 161 2228 sollicite
171 2176 276 2228 student
288 2174 386 2227 malum
397 2188 472 2226 omne
485 2176 584 2237 ingere,
592 2177 688 2226 bonnm
700 2175 798 2238 operari
810 2210 819 2235 ,
831 2175 965 2236 meamque
978 2177 1030 2226 vita
1042 2175 1117 2226 iidem

65 2245 194 2309 complere.-

90 2313 119 2362 nt
132 2316 176 2365 hic
187 2319 227 2366 est
239 2313 366 2366 secundus
376 2316 430 2365 reri
449 2309 528 2364 tidelis
544 2313 692 2364 character:
704 2313 802 2375 puritas
816 2314 883 2362 vita.

71 2445 72 2448 Ἴ
88 2380 152 2433 Duos
163 2385 249 2444 itaque
259 2383 301 2433 his
311 2384 339 2432 in
353 2383 436 2433 verbis
454 2383 508 2432 reri
519 2380 601 2432 tidelis
611 2381 768 2433 characteres
783 2380 856 2430 nohis
873 2379 999 2430 exhiheret
1011 2381 1117 2444 Aposto-

62 2444 98 2498 lus
108 2486 115 2506 ,
126 2450 220 2511 quihus
235 2453 307 2512 quasi
320 2448 454 2512 signaculis
469 2450 646 2512 dignoscantur
657 2452 700 2510 qui
716 2447 775 2499 rere
786 2451 846 2498 sunt
861 2447 962 2500 Christi.

87 2517 179 2580 illeque
193 2517 244 2568 duo
259 2517 415 2568 characteres
430 2521 507 2580 sunt,
519 2521 616 2568 sincera
627 2517 704 2579 haias,
721 2519 773 2566 vita
784 2520 879 2567 sancta

88 2604 246 2655 Oasaavarro
261 2603 507 2655 acrama-Simul
521 2609 545 2654 ct
557 2605 607 2654 duc
621 2604 692 2654 nohis
707 2603 791 2653 media
804 2602 897 2666 prabet
909 2600 1000 2665 quibus
1012 2605 1065 2652 veri
1082 2603 1115 2654 ti-

64 2673 127 2723 ielea
138 2673 242 2724 murus.

89 2742 218 2804 Primum,
230 2745 256 2794 ai
267 2745 295 2794 in
305 2745 393 2793 animo
405 2742 486 2794 ‘irum
496 2747 522 2794 et
532 2743 604 2806 quasi
618 2743 769 2802 impressum
782 2737 919 2790 habeamus
935 2757 943 2788 r

87 2811 161 2860 Novit
170 2812 295 2860 Dominae
309 2813 353 2874 qai
362 2816 420 2860 auat
431 2811 494 2872 ejice.

84 2879 270 2930 Deuriatrteiur
284 2893 336 2930 cor.
353 2913 362 2934 .

87 2947 150 3010 Ergo
164 2947 262 2998 sincere
273 2951 298 2998 et
317 2961 347 2998 ex
361 2950 447 3002 animo
459 2947 588 3000 colendust

87 3016 343 3068 Gordecredendum.

86 3087 250 3149 Secundum,
264 3088 376 3138 incedet
387 3087 420 3141 ab
440 3088 611 3152 iniquitate...
626 3088 647 3136 si
663 3087 690 3135 in
701 3085 787 3135 animo
798 3081 931 3147 sigillatam
946 3082 1014 3136 hauc
1024 3086 1116 3137 acrita-

55 3161 106 3206 iem
120 3157 275 3208 hehe'amns„
633 3205 635 3208 .

86 3225 195 3276 Cretlere
205 3239 258 3276 uon
269 3225 377 3286 suiiicit,
389 3225 434 3286 sed
446 3225 562 3288 operibus
572 3221 633 3272 tides
651 3220 807 3284 complentia.
865 3289 869 3296 ι

88 3294 179 3344 Sancte
191 3298 216 3343 et
227 3294 295 3355 juste
310 3294 457 3344 vivendum.

86 3363 131 3414 iiic
144 3374 245 3426 semper
254 3374 281 3414 sa
293 3363 407 3413 reilectat
417 3362 523 3424 quilibet
534 3361 614 3411 tidelis
624 3397 631 3421 ,
642 3364 667 3410 ct
678 3359 763 3410 rideat
775 3371 838 3410 num
848 3361 880 3410 sit
895 3357 953 3409 rere
963 3357 1065 3408 tidelis?
1077 3358 1116 3408 hu

56 3437 141 3483 mente
159 3432 311 3485 erenstein
324 3433 411 3484 sancta
428 3435 514 3484 vivit?

85 3501 137 3552 lloc
149 3507 177 3553 ut
189 3505 225 3552 ita
236 3504 269 3552 sit
279 3538 286 3562 ,
298 3500 362 3551 (luas
375 3503 403 3551 iu
415 3506 502 3551 menia
513 3512 560 3550 sua
573 3498 662 3561 sigillet
673 3497 754 3548 dicms
766 3498 912 3548 sententias.

86 3576 160 3626 Nocti
174 3578 300 3628 Dominus
312 3576 357 3639 pai
366 3576 409 3626 sai
419 3580 487 3625 roci.

85 3649 165 3702 acmo
180 3651 249 3701 uidet
262 3663 293 3700 ec
304 3663 359 3714 pua
371 3651 548 3714 pertrahens
563 3652 647 3696 cotem
661 3647 773 3696 intuetur
786 3659 837 3696 ccr.
851 3649 873 3695 i.
891 3643 950 3705 aeg.
966 3645 1004 3693 io.
1013 3645 1038 3692 7.

84 3724 350 3776 Perat-abitior'cmci
362 3723 449 3788 picdic
465 3723 587 3786 ancipiti,
601 3721 720 3783 pertinuit
730 3732 808 3782 capae
820 3719 855 3770 od
867 3719 1012 3770 divisionem
1023 3719 1116 3770 enimc

55 3803 84 3840 nc
100 3793 240 3856 spiritis...
254 3791 328 3842 iiam.
340 3793 364 3843 i.
379 3795 420 3844 12.

84 3861 148 3925 Ergo
165 3876 220 3913 non
234 3861 387 3914 irridendus.

85 3930 150 3994 Ergo
165 3931 266 3982 sincere
277 3929 406 3983 colendus.

92 3998 252 4051 invisibilem
263 4010 320 4062 ergo
334 4003 456 4062 tanquam
475 3993 588 4048 videntes
604 3993 781 4044 sushneamua.
