2670 4542
350 280 521 348 aarum
539 283 758 340 sxrosmtm
778 289 858 342 cir.
877 291 899 342 1.
1124 295 1160 347 55

124 373 360 439 imnegisilum
372 377 536 431 smonlomm
589 377 627 430 oo
642 379 692 431 hoo
709 381 890 443 etermrimn
904 385 1061 447 stemusque
1075 384 1158 436 honor

93 447 258 514 immortali,
296 451 447 517 invisibili,
483 454 536 508 soli
557 449 593 498 ⁸¹²
609 449 687 500 ”³¹⁰⁰
703 447 799 512 ⁸⁰¹ltl1¹0
817 451 884 511 ⁰0⁰·
901 453 1045 503 ”flubium
1058 460 1157 516 tempo-

93 524 535 595 lieo,hon0r,etglorieinseeula
558 527 667 579 rumque
685 519 802 568 omnium
821 521 874 581 regi
888 521 1025 571 immortali
1047 527 1072 570 et
1089 523 1158 572 inri-

93 603 260 657 sseulorum,
271 607 372 660 Amen,
558 585 635 637 sibili.
645 585 735 637 Anien.

121 680 166 732 18.
179 681 244 734 lloe
262 687 435 750 pmeptum
455 695 535 740 pom-
588 679 677 732 'lotam
706 681 848 734 doetrinsm
873 685 1073 748 praescientem,
1095 697 1156 747 seu,

91 755 191 809 mendo
198 756 480 824 tih1‚fflipim0ffioe‚
491 775 536 815 ω.
556 750 606 800 hoo
624 754 778 812 preceptum
789 751 820 802 ds
835 764 886 814 quo
896 755 923 802 in
934 753 983 804 hoo
994 757 1076 817 eapite
1086 768 1158 806 oom-

91 831 213 886 nundpm
240 834 434 899 praeoedwm
455 836 485 889 in
507 843 535 890 ω
556 815 648 865 mendo
663 816 728 876 tihi,
745 815 789 866 iili
812 819 850 867 mi
870 819 1016 882 Timotheo,
1039 824 1067 870 ut
1083 823 1153 882 juxte

90 907 535 1052 rggggrssgpffljurru
556 882 1155 1018 ggggpfflfflh.snm.

116 1194 340 1256 Quemadmodum
358 1198 490 1263 medicus,
509 1201 570 1252 erim
593 1203 620 1250 lo
642 1200 694 1251 nni
707 1200 782 1251 domo
797 1199 872 1252 multi
886 1200 963 1250 simui
980 1206 1113 1264 agrotsut,
1130 1209 1156 1253 et

90 1277 174 1316 omnes
184 1265 220 1314 de
230 1264 313 1315 salute
326 1265 476 1330 desperant,
489 1272 510 1320 ei
521 1283 603 1320 unum
613 1269 721 1330 pessime
730 1269 850 1319 ellectum
863 1272 1002 1331 seesperit,
1016 1274 1042 1320 et
1056 1271 1121 1322 datis
1132 1275 1155 1322 ei

89 1332 280 1384 medicamentis
294 1333 328 1384 ad
344 1335 551 1398 perfectissimam
571 1339 706 1387 sanitatem
724 1337 868 1397 deduxerIt,
880 1337 941 1388 iaoit
961 1342 990 1386 ut
1007 1339 1050 1386 alii
1067 1352 1155 1390 omnes

89 1400 208 1452 iidueism
221 1405 385 1466 ooneipiant;

117 1471 153 1521 lin
168 1471 289 1524 Christus
306 1471 446 1538 Dominus,
458 1475 604 1526 animarum
620 1473 748 1535 medicus,
759 1475 819 1526 erim
834 1487 880 1538 pro
897 1475 979 1526 salute
995 1481 1155 1538 peecatorum

90 1537 162 1588 homo
177 1538 264 1589 iaetus
279 1545 361 1601 esset,
372 1555 414 1592 me
430 1544 546 1593 omnium
565 1544 755 1606 iniquissimum
767 1543 909 1607 producens
920 1546 946 1593 in
958 1545 1088 1604 medium,
1103 1559 1155 1595 non

91 1607 169 1658 solum
182 1608 198 1656 h
212 1608 342 1672 prioribus
354 1611 460 1662 maculis
475 1611 605 1674 liberavit,
625 1611 668 1663 sed
686 1613 806 1662 maximis
823 1615 900 1662 etism
910 1613 984 1663 donis
997 1613 1153 1673 cumulavit,

91 1677 207 1728 omnihus
219 1677 369 1729 hominihus
380 1692 424 1743 per
433 1692 475 1730 me
490 1680 624 1731 ostendens
640 1683 791 1732 immensum
807 1683 969 1745 patientium,
982 1688 1011 1732 ut
1022 1695 1097 1732 nemo
1110 1695 1154 1732 eo-

91 1749 200 1866 ?fflui
211 1748 325 1798 maxima
333 1747 428 1799 seelera
438 1750 635 1812 perpetrassent.
646 1748 679 1800 ed
690 1761 730 1799 me
741 1749 932 1812 respiciemus
943 1750 1023 1802 salute
1030 1752 1152 1814 desperet.

172 1823 269 1867 erotus.
509 1863 513 1871 .

118 1885 217 1947 thum,
230 1885 278 1938 sed
289 1885 399 1938 similem
411 1891 627 1952 comparationem
635 1887 710 1938 huhst
722 1888 797 1938 dirus
812 1887 1015 1948 chrysostomus.

120 1985 157 2031 it.
167 1982 234 2044 liepe'
247 1987 332 2032 ostem
346 1983 519 2034 seculorum„
538 1984 570 2034 oh
587 1985 685 2032 tantem
699 1983 897 2032 misericordiam
914 1981 963 2031 sihi
978 1984 1114 2034 exhibitam
1128 1989 1154 2034 et

91 2049 144 2100 eliis
155 2053 184 2102 in
199 2061 228 2102 se
243 2055 370 2102 ostensem
382 2058 490 2103 sternes
498 2052 549 2102 lieo
560 2053 652 2114 gratim
662 2053 722 2112 egit.

118 2118 185 2170 heus
197 2130 246 2169 rex
263 2123 303 2170 est
320 2121 418 2170 eutium
435 2124 462 2170 et
480 2119 637 2178 seeolorum,
650 2130 695 2168 sou
718 2120 834 2168 omnium
858 2119 1035 2179 demtionem,
1058 2119 1153 2170 scilieet

90 2191 254 2305 ffoemm’
265 2190 440 2239 mriternitatis
452 2193 478 2238 et
491 2193 635 2251 temporum
650 2204 657 2236 ε
669 2187 767 2254 abipso
779 2191 868 2238 menet
880 2199 956 2238 omne
969 2200 1014 2238 ens
1027 2194 1052 2238 et
1070 2193 1153 2240 omnis

105 2262 311 2396 uirtaisgimtimnium
328 2332 471 2382 seculorum
490 2329 675 2394 lnoorruptihlli
685 2365 693 2391 ,
703 2329 839 2388 invisibili,
850 2333 895 2391 qui
906 2343 973 2382 unus
989 2336 1015 2381 et
1029 2333 1098 2382 solus
1113 2337 1151 2382 est

92 2401 162 2522 negrs.
182 2469 232 2521 soli
258 2472 366 2534 sapienti
391 2471 468 2520 ileos
488 2472 616 2521 itastism
638 2469 846 2532 chrysostomus,
868 2465 1051 2527 theodoretus,
1069 2470 1150 2518 Theo-
1179 2438 1184 2449 ’

90 2539 229 2603 portemur.
376 2595 382 2606 ,

120 2637 159 2682 18.
172 2633 229 2684 Boe
241 2640 395 2698 proseptum
408 2635 549 2686 commendo
562 2634 638 2684 tihi...

116 2728 277 2780 iisssavsrio
289 2741 485 2780 surrentinis·
496 2729 595 2792 Triplex
609 2731 647 2778 est
657 2728 734 2788 hujus
747 2725 866 2776 versiculi
878 2725 1029 2776 intellectus.

116 2798 217 2850 Primus
228 2799 389 2861 ahquorum,
400 2801 443 2861 qui
459 2798 509 2848 hoo
527 2801 679 2862 preceptum
697 2795 729 2848 ed
747 2797 878 2856 sequentis
892 2795 1023 2844 referunt:
1038 2797 1149 2857 seilicet,

89 2869 231 2918 solumnodo
245 2869 293 2919 tilii
303 2869 466 2920 similiter...
893 2906 897 2911 .

115 2935 163 2988 Sed
176 2939 291 2988 strictior
301 2937 402 2988 ridetur
415 2937 457 2989 hie
466 2949 555 2990 sensus
570 2943 595 2990 et
606 2936 716 3000 Apostoli
729 2935 805 2986 verbe
821 2937 898 2984 nimis
909 2933 1087 2985 determinans.

115 3007 250 3059 Secundus
260 3008 383 3069 eliorum,
394 3010 438 3070 qui
448 3009 481 3059 ad
491 3009 604 3072 proxime
613 3005 779 3070 precedentis
791 3003 917 3066 referunt,
925 3005 1033 3066 seilicet,
1047 3011 1076 3056 ut
1084 3019 1149 3070 prm-

87 3077 154 3130 dioss
169 3078 302 3130 Christum
312 3081 415 3142 venisse
427 3083 456 3129 ut
465 3082 608 3142 peccatores
619 3076 714 3135 salvet;
726 3079 751 3126 et
760 3075 803 3125 hio
815 3076 891 3124 etiarn
903 3078 1021 3126 strictior.

114 3147 216 3200 Tertius
234 3148 383 3200 Theodoretl
405 3153 431 3199 et
446 3147 614 3212 plurimorum
633 3149 690 3209 post
710 3147 810 3207 ipsum,
822 3148 866 3206 qui
882 3145 972 3194 volunt
986 3146 1149 3208 Apostolum,

86 3223 139 3280 post
157 3219 358 3282 digressionem,
371 3217 404 3266 ud
423 3220 534 3281 primam
548 3216 688 3266 orationem
705 3215 796 3264 reverti
808 3233 815 3274 ;
828 3214 930 3276 hacque
942 3213 1019 3263 rerba
1039 3217 1150 3274 jungunt

86 3288 210 3338 versionis
224 3291 251 3338 3.

113 3357 189 3419 Quasi
202 3357 299 3408 diceret
308 3376 315 3408 ε
324 3357 377 3407 lloo
387 3361 552 3429 preceptum,
560 3354 627 3404 hane
638 3353 869 3412 denuntiationem,
881 3351 1020 3411 nequem.
1030 3353 1054 3409 3,
1062 3361 1149 3398 rursus

87 3425 131 3475 tihi
141 3425 297 3476 commendo.

115 3494 164 3543 Seu
174 3529 182 3554 ,
194 3491 288 3554 ropaet
302 3497 324 3540 te
345 3495 375 3540 ui
387 3491 574 3541 denuntiares...
591 3493 617 3538 ei
628 3489 677 3539 hoe
692 3501 752 3550 rogo
768 3489 793 3538 et
811 3486 930 3549 praeoipio
940 3484 1004 3542 tihi,
1020 3483 1036 3533 d
1052 3483 1089 3534 iili
1107 3485 1148 3534 Ti-

89 3561 198 3612 motheo!
210 3562 257 3610 tuo
271 3562 338 3609 inste
354 3559 451 3618 oilielo,
465 3563 490 3608 et
501 3560 572 3618 juxte
589 3557 733 3620 prophetias
747 3555 817 3604 dete
832 3553 927 3611 laetas,
945 3553 1031 3612 eisque
1044 3563 1148 3615 respon·

89 3631 161 3694 iens,
174 3632 271 3714 bonum
282 3629 376 3680 milites
386 3627 522 3688 militiam,
533 3625 603 3676 ielsis
612 3628 731 3676 resistens
743 3622 900 3680 dootorlhus,
915 3623 940 3670 et
954 3631 1044 3703 sanam
1057 3623 1136 3686 predi
1157 3639 1159 3644 ·
1212 3647 1215 3661 ·

90 3712 144 3818 rag}
154 3701 395 3820 iff‘ijgtseffinns'honus
406 3769 444 3818 est
454 3769 479 3816 et
489 3762 618 3824 litteralis,
628 3763 742 3825 mihique
755 3758 866 3823 primum
875 3758 972 3820 plaeoit
981 3764 1034 3822 pra
1041 3763 1145 3811 esteris.

113 3837 147 3888 lie
161 3843 251 3888 tamen
262 3835 384 3885 attentius
397 3834 554 3885 consideratu
564 3869 571 3894 ,
582 3837 644 3896 puto
661 3831 729 3893 quhd
745 3839 833 3879 sensus
847 3827 927 3879 molid
938 3829 1036 3892 plenior
1045 3832 1109 3888 erit,
1122 3834 1148 3876 et

86 3904 128 3955 loti
142 3907 223 3956 textui
238 3903 402 3963 ooniormlor,
412 3906 433 3952 si
444 3916 489 3965 per
501 3903 548 3952 hoo
558 3905 710 3963 proseptum
722 3895 875 3957 intelligetur
886 3901 939 3947 tote
950 3897 1064 3946 doetrina
1080 3907 1146 3959 pres-
1225 3955 1228 3958 ¹

88 3975 191 4034 sedens,
202 3985 250 4024 seu
262 3972 476 4022 omnesreritates
484 3971 513 4019 in
524 3970 573 4020 hoo
581 3969 662 4032 eapite
674 3965 812 4029 explicato.
