2612 4542
292 337 462 422 ravenas
480 370 700 426 ιιιοειιιο.ι
720 373 798 428 cir.
818 375 866 428 vr.
1055 377 1110 428 rsa

50 466 97 512 nas
109 467 211 514 vocum
229 460 380 526 novitates,
394 467 423 516 et
434 477 488 529 op·
512 465 629 528 praianas
639 479 731 518 vocum
742 468 880 528 novitates,
894 470 920 518 et
933 477 1021 518 omues
1031 469 1108 531 rejice

50 535 267 602 posifionesfalsi
274 538 489 595 nomimwlen.
513 533 670 594 objectiones
689 548 753 596 quas
773 539 906 599 opponunt
914 535 1045 597 haeretici,
1062 537 1108 597 qui

51 612 109 678 fiae,
513 600 632 653 lalshsihi
645 602 1107 666 scientiancmenarrogsnasausub

512 676 631 722 ementito
647 675 758 724 screnus
773 675 893 734 nominc,

80 725 126 776 2¹·
142 724 229 788 Quam
246 725 362 791 quidam
377 728 490 794 limmil·
541 739 622 800 Quam
637 739 782 804 prolitentes
794 741 912 802 quidam,
928 741 1109 792 aberraverunt

51 803 152 865 tentes,
173 801 248 854 circa
272 799 356 854 iidem
378 803 489 856 excide·
512 807 595 860 tide.
605 810 690 862 Gratia
702 813 798 862 tecum.
811 809 902 862 Amen.

50 883 126 944 runt,
149 879 242 932 Gratia
266 884 368 932 tecum.
391 883 488 935 limen.

52 1053 170 1173 hidetilrcco
178 1028 269 1104 'vitent
286 1055 409 1106 novitates
421 1054 540 1106 doctriuae
552 1061 577 1108 et
588 1069 753 1119 sermonum,
766 1058 834 1110 unde
850 1063 971 1122 novantes
986 1059 1107 1112 dicuntur
1175 1033 1181 1044 ⁹

67 1135 111 1172 are
155 1156 164 1173 .

76 1191 185 1242 Proiaoa
197 1203 250 1242 non
268 1196 329 1242 sunt
347 1194 470 1243 novitates
484 1206 590 1256 vcmm,
603 1207 659 1258 quae
669 1199 800 1260 antiquam
814 1195 955 1248 do‘ctrinam
976 1197 1069 1250 claritis
1081 1202 1106 1249 et

51 1260 149 1378 ξιιιοειὶὲιῐιὓ
163 1264 330 1325 exprimunt,
345 1274 372 1312 v.
392 1275 435 1324 3.,
460 1265 576 1324 trinitas,
593 1265 856 1325 consubstantialitas,
882 1269 1106 1318 transsubstantia-

77 1366 108 1451 ἐι
116 1363 293 1466 oppositiones.
303 1405 346 1455 Gr.
358 1404 510 1466 antitheses,
524 1405 551 1455 id
566 1409 616 1465 est,
628 1383 781 1468 abiectiones
791 1419 853 1468 quas
867 1411 998 1470 opponunt
1011 1420 1106 1459 novan-

54 1474 95 1531 ies,
110 1475 154 1534 qui
168 1473 231 1524 laisb
246 1473 293 1522 sibi
307 1475 417 1524 scicntia
429 1485 523 1523 nomen
534 1474 674 1525 vindicant.

78 1541 104 1591 l).
119 1542 315 1605 chrysostomus
325 1547 397 1606 putat
412 1542 455 1592 hic
471 1541 602 1594 Gnosiiocs
619 1546 762 1608 perstringi.

78 1627 115 1677 ti.
133 1627 216 1685 mem
228 1623 333 1686 paidom
343 1627 524 1688 promittentes,
535 1627 560 1676 id
572 1631 618 1688 cst,

78 1693 155 1756 iliram
167 1697 299 1745 solentiam
317 1695 461 1757 prolitentes
476 1697 598 1759 quidam,
612 1696 789 1749 aberrarunt
805 1697 866 1762 ilde,
881 1701 908 1750 in
919 1711 1028 1752 errorem
1039 1704 1106 1752 iuci-

55 1759 151 1817 derunt.
167 1764 387 1814 christianismum
402 1763 573 1816 deseruerunt.

82 1833 169 1883 Grotio
185 1837 274 1882 tecum.
286 1833 372 1881 Amen.

56 1944 219 1997 territorium
232 1944 345 2008 pietatis,
354 1957 397 1995 seu
410 1948 438 1996 in
448 1946 493 1997 boc
505 1959 560 2010 cop.
570 1953 594 2008 ti,
608 1949 642 1998 od
651 1907 771 2011 melotem
785 1947 894 1999 nonme
906 1951 1032 2008 mundo,
1041 1957 1063 2001 et
1072 1953 1107 2001 od

450 2019 554 2078 proxim
565 2017 708 2080 redigendo.

81 2115 170 2169 laiac.
181 2143 214 2156 —
233 2117 351 2170 observet
366 2120 496 2180 episcopus
510 2121 535 2166 et
552 2116 656 2178 quilibet
675 2117 808 2179 sacerdos,
819 2119 979 2181 proportione
993 2121 1106 2180 servati,

55 2185 112 2246 subd
127 2188 247 2239 omnihus
265 2189 299 2237 sit
317 2187 412 2238 debitor
431 2205 439 2236 a
458 2185 506 2238 Sol
524 2187 592 2237 enim
608 2193 642 2238 cat
666 2191 738 2237 erre
759 2193 782 2238 et
798 2187 843 2238 lua
857 2189 954 2265 mundi.
973 2187 1060 2240 blatth.
1077 2192 1105 2251 5,

55 2267 77 2304 n.
91 2259 133 2317 it,
147 2257 184 2306 ii.

81 2323 110 2376 ut
120 2325 162 2376 sci
178 2330 251 2378 terre
263 2323 337 2376 debet
356 2334 443 2390 omnes
455 2323 517 2376 alios
529 2324 662 2386 homines,
683 2323 807 2386 quantum
820 2328 857 2376 est
874 2326 902 2376 in
913 2337 957 2387 se,
973 2325 988 2376 i
1003 2338 1106 2392 corrup-

54 2394 113 2444 tione
124 2407 225 2445 morum
235 2405 396 2457 preservare.

80 2461 110 2513 ilt
120 2462 164 2514 iac
174 2465 267 2514 mundi
274 2501 283 2523 ,
295 2464 412 2514 omnibus
433 2463 517 2514 lucem
532 2463 605 2514 debet
617 2465 641 2512 et
652 2462 783 2526 ardorem,
794 2476 882 2515 omnes
892 2467 969 2515 etiam
984 2477 1067 2517 servos
1082 2469 1107 2514 et

54 2533 171 2598 mancipia
187 2531 262 2583 debet
273 2532 349 2582 verbo
361 2535 385 2581 et
401 2534 513 2596 exemplo
527 2531 692 2582 sanctificare.

79 2601 209 2654 Neminem
227 2605 312 2664 itaque
327 2601 451 2664 negligat,
467 2615 550 2652 servos
569 2605 645 2651 etiam
658 2601 792 2652 vilissimos
812 2602 951 2652 sanctiticei
965 2601 1039 2652 modo
1059 2602 1107 2652 sibi

54 2681 66 2717 a
77 2671 174 2722 doctore
189 2671 310 2722 Gentium
322 2673 475 2734 praescripto.
487 2671 548 2722 Vide
561 2684 588 2721 n.
602 2675 612 2720 t
627 2672 651 2720 et
667 2671 699 2731 2,
712 2675 736 2719 et
749 2671 946 2722 observationem
960 2669 1092 2722 moralem.

80 2745 202 2798 Sscnrno.
214 2770 247 2784 -
256 2745 345 2796 Omnis
360 2745 498 2796 catholicus
512 2745 630 2808 quidem,
649 2749 675 2793 nt
692 2747 775 2793 omnis
788 2747 918 2808 speciatim
936 2743 1052 2794 Ecclesia
1065 2758 1108 2794 ca-

55 2811 147 2866 dolica
158 2817 292 2877 minister,
303 2814 446 2866 hereticam
456 2817 526 2864 notet
545 2811 709 2876 pravitatem,
722 2825 798 2874 quum
809 2813 923 2874 horreat,
932 2812 1066 2862 detestetur
1077 2826 1107 2863 aa

55 2879 134 2942 iogiat.

80 2949 150 3000 illam
161 2949 313 3015 Apostolus,
326 2963 381 3014 cap.
398 2951 422 3010 i,
435 2963 462 3001 n.
475 2958 485 3000 i
496 2985 503 3011 ,
513 2953 528 2999 2
539 2987 546 3010 ,
559 2950 642 3000 verbis
654 2947 726 2999 valde
740 2948 939 3011 signiticantibus
955 2954 1107 3012 expresserat

56 3016 146 3082 dicens,
157 3021 265 3071 hareses
275 3018 431 3081 depisitibua
443 3021 535 3070 erroris
549 3032 610 3079 esse,
620 3019 746 3069 doctrinas
757 3019 950 3077 demoniorum,
961 3018 1106 3069 boninum·

56 3099 97 3147 que
107 3091 135 3140 in
147 3089 280 3154 hypocrisi
297 3089 449 3152 meantium
467 3091 640 3148 mendacium,
654 3095 676 3138 et
695 3090 860 3139 cautmictnm
873 3088 1018 3140 habentium
1032 3103 1112 3162 aaroni

56 3161 231 3210 undamn.

80 3227 164 3278 'talem
175 3230 302 3292 picturam
313 3265 320 3288 ,
331 3227 392 3279 vide
400 3241 455 3293 cap.
467 3229 490 3289 i,
504 3241 531 3278 n.
552 3231 574 3290 i,
587 3231 611 3288 2,
622 3232 646 3278 et
657 3227 854 3278 observationem
868 3224 1001 3277 litteralem
1016 3231 1042 3276 et
1054 3238 1107 3276 mc

55 3293 126 3345 niem
141 3298 169 3346 in
180 3297 372 3346 commentario.
764 3293 767 3302 “

81 3363 126 3416 ilie
137 3368 225 3415 autem
235 3401 244 3426 ,
253 3371 283 3413 ut
293 3364 359 3415 hanc
367 3365 482 3416 amdam
494 3367 643 3428 pravitatem
657 3364 800 3416 sensibilius
810 3364 882 3414 nobis
897 3365 1027 3426 exprimat,
1037 3363 1106 3413 iliam

56 3430 166 3484 describit
174 3446 220 3496 per
228 3432 369 3494 analogiam
381 3433 414 3482 ad
424 3446 557 3495 corporum
569 3434 678 3484 morbos.

80 3501 183 3552 iiaresis
192 3503 318 3566 pessimus
329 3505 354 3552 et
365 3501 477 3551 mortifer
490 3505 528 3551 cst
542 3504 634 3552 anima
646 3502 757 3552 morbus.

82 3569 179 3630 Quare?
192 3573 253 3633 quia
264 3572 330 3620 sicut
342 3569 518 3630 evangelium,
528 3571 621 3620 christi
634 3571 758 3630 doctrina,
769 3570 874 3620 verbum
890 3571 927 3618 est
936 3567 1023 3617 salutis
1034 3604 1040 3628 ,
1051 3566 1107 3620 lons

55 3640 107 3690 ritae
118 3677 125 3702 ,
136 3643 179 3692 eui
193 3653 240 3704 per
257 3639 334 3690 iidem
351 3639 523 3704 adherentes,
535 3642 660 3698 vivimus,
675 3641 731 3689 sani
747 3652 852 3698 sumus,
871 3640 899 3686 in
914 3640 1036 3688 aeternum
1052 3639 1107 3690 vic·

57 3709 118 3757 turi·

82 3746 118 3828 lta,
129 3780 175 3840 ool
186 3791 232 3842 per
245 3775 418 3828 infidelitatem
431 3767 528 3828 nb'hac
540 3777 632 3828 Christi
643 3775 758 3826 (luchina
767 3774 860 3826 recedit
870 3811 877 3836 ,
886 3775 972 3828 statim
987 3775 1107 3842 bsalute,

56 3839 70 3890 i
82 3847 132 3894 viia
141 3845 257 3904 recedit,
272 3849 298 3895 et
308 3843 336 3894 tit
351 3857 414 3906 ager
424 3845 457 3893 ad
469 3848 585 3894 mortem.

83 3911 115 3963 hc
127 3914 227 3977 primb,
241 3917 325 3974 turget
339 3913 417 3976 typho
428 3923 499 3962 vanae
510 3914 631 3962 scientiae.
649 3977 651 3981 Ι

84 3981 215 4042 mundo,
232 3984 333 4031 decutit
346 3985 413 4031 circs
425 3981 528 4041 divina,
540 3981 631 4031 amisso
647 3979 705 4031 iidci
717 3975 798 4033 oculo.

84 4050 165 4102 lertib
174 4087 182 4114 ,
197 4049 288 4100 delirat
298 4051 363 4101 cirea
380 4047 470 4100 iutilia.
