2612 4542
222 277 275 335 190
542 277 750 334 EPISTOLAE
770 277 819 330 tu
837 276 961 330 siritii
1031 294 1038 307 ·

187 408 192 417 .
250 371 287 422 ob
302 369 329 422 id
344 369 434 432 reliqui
447 373 473 420 tc
483 372 510 421 in
522 370 606 422 insuia
616 370 690 421 Creta
701 369 764 434 (toti
775 371 817 418 iu·
875 374 903 424 5.
918 368 1005 435 liuius
1022 365 1063 420 rei
1078 362 1166 433 grette
1178 363 1266 432 reliqui

221 438 283 490 snlae
294 437 470 501 prepositum)
480 442 508 487 ut
519 440 546 486 ln
558 450 587 488 eu
598 440 722 498 corrigere
731 449 818 499 perges
841 452 869 500 ge
884 448 983 510 crem,
997 448 1028 496 ut
1045 456 1080 496 ea
1100 455 1164 508 quae
1180 442 1267 496 desunt

221 519 277 569 quc
292 505 437 566 corrigenda
450 508 561 564 restant;
581 508 606 552 ct
620 505 775 567 prasertim,
790 505 819 552 ut
841 524 977 590 corrigas,
1001 526 1029 576 ,32
1053 519 1206 574 consignas
1226 532 1267 584 pgr

221 571 819 706 miggffissnffiegnsgffipffffisggj
841 602 964 655 civitates
971 599 1163 666 presbyteros,
1173 595 1238 648 sicut
1245 599 1266 648 et

222 710 314 762 scribo.
369 739 372 747 ¹
841 693 893 747 ego
906 677 1032 745 disposui
1045 674 1105 728 tibi.

251 779 382 842 Presbyter
392 782 425 829 sit
440 778 678 841 irreprehensibilis,
687 789 740 829 nou
749 777 818 840 bige-
875 783 902 834 6,
917 780 945 834 st
956 779 1020 846 quis
1031 778 1092 831 siue
1101 775 1214 829 crimine
1224 781 1263 838 est,

221 859 293 908 mus;
306 849 380 907 cujus
398 845 444 896 tilii
457 845 496 908 (si
514 859 577 907 quos
594 845 684 896 habuit
704 846 819 895 nondum
841 857 924 911 unius
936 856 1031 910 umfjs
1042 853 1265 906 virfflioghapens

221 913 367 978 ordinatus)
379 916 431 964 sint
443 913 542 974 fideles,
558 927 603 964 seu
616 913 768 974 christiam,
784 915 818 963 itu
841 935 936 988 fideles
974 946 1031 985 non
1052 931 1081 983 in
1106 929 1265 982 accusatione

222 987 399 1046 temperantes,
411 984 453 1039 ut,
465 995 512 1032 nec
523 983 554 1032 de
565 981 641 1044 luxu,
651 996 699 1032 nuc
707 983 738 1031 dc
747 981 819 1031 luxu·
841 972 955 1066 luxuri&
979 1014 1027 1063 aut
1038 1021 1098 1061 non
1110 1006 1238 1060 subdito*

221 1053 260 1100 ria
273 1052 325 1100 siut
338 1051 465 1110 accusati,
480 1051 627 1112 parentibus
637 1049 781 1100 obedientes
794 1067 803 1100 r
962 1051 970 1076 ’

253 1217 277 1264 5.
291 1214 375 1278 liujus
392 1217 432 1266 rei
441 1217 526 1278 giutid
537 1216 632 1279 reliqui
644 1222 666 1266 tc
683 1218 787 1268 creto...
804 1215 830 1266 id
846 1218 899 1276 est,
915 1215 971 1265 ldco
981 1217 1006 1264 te
1020 1215 1047 1263 in
1060 1211 1145 1264 insula
1158 1213 1223 1264 creti
1233 1226 1264 1264 re·

227 1283 289 1346 liqui
304 1287 466 1348 episcopum,
481 1286 700 1348 archiepiscopum
713 1289 738 1335 et
757 1288 803 1336 toti
823 1284 912 1335 insula
927 1284 1099 1346 praepositum.

254 1360 283 1408 lit
296 1371 325 1408 eu
337 1371 392 1420 qttoe
404 1359 491 1409 docnt
509 1361 632 1422 corrigas.
646 1361 676 1410 iit
687 1361 715 1410 ln
730 1371 759 1409 ea
777 1358 901 1420 corriges.
912 1356 955 1407 Gr.
965 1358 1169 1418 supercorrigas,
1184 1355 1208 1404 id
1221 1357 1263 1414 est,

221 1438 310 1490 pergas
327 1428 450 1488 corrigere
465 1440 522 1487 quar
540 1428 687 1490 corrigenda
702 1431 808 1478 restant.
1292 1461 1296 1480 .

251 1495 300 1544 seu
312 1530 319 1555 ,
331 1499 360 1543 ut
373 1498 400 1545 in
414 1508 444 1545 ea
460 1496 561 1546 ordines
577 1509 634 1558 quae
650 1501 746 1548 restant
764 1495 904 1546 ordinanda
918 1497 944 1544 et
956 1493 988 1544 ob
1001 1493 1152 1544 brevitatem
1162 1493 1264 1555 umporn

221 1564 337 1614 ordinare
353 1576 405 1613 nou
424 1567 506 1626 potui.
1141 1619 1146 1632 ,

252 1638 282 1684 nt
297 1636 431 1686 constituor
440 1673 453 1694 ,
466 1640 492 1686 et
503 1641 643 1699 praesertim
652 1653 701 1703 per
711 1638 822 1700 singulas
837 1639 948 1688 civitatee
961 1637 1097 1687 constituos
1111 1636 1262 1698 presbyteros,

221 1706 248 1754 iu
266 1703 404 1764 majoribus
418 1704 515 1755 scilicet
533 1709 683 1769 episcopos,
701 1709 729 1757 ln
747 1707 889 1756 minoribus
909 1709 1029 1768 pastores.

252 1773 344 1825 Sicut.
358 1783 403 1821 sen
418 1772 504 1834 quales
517 1777 627 1838 praecepi
639 1775 694 1824 tibi.

249 1840 314 1890 ilinc
334 1839 424 1902 collige
441 1842 538 1904 primo,
554 1843 621 1905 quod
643 1842 813 1893 llcclesinrum
832 1841 997 1892 fundamenta
1008 1841 1138 1903 iaciebant
1153 1839 1261 1903 Apostoli;

219 1909 310 1959 deinde
320 1909 417 1960 idoneis
429 1913 572 1972 ministris,
586 1914 630 1972 qut
646 1911 890 1974 snperaediticarcnt,
904 1922 947 1960 ees
962 1910 1157 1960 committebant
1168 1946 1175 1968 ,
1187 1911 1228 1971 ipsi
1236 1909 1262 1957 ad

221 1977 284 2028 alias
296 1978 363 2028 orbis
374 1981 457 2041 portes
468 1983 635 2043 properaturi.

249 2045 341 2108 collige
352 2046 478 2109 secundo,
491 2048 523 2097 ub
534 2047 709 2110 Apostolorum
724 2050 836 2110 tempore
855 2047 932 2098 tuisse
948 2047 1014 2095 inter
1022 2045 1141 2096 Ecclesiae
1150 2046 1260 2094 ministros

219 2115 467 2178 subordinationem,
479 2127 524 2167 seu
535 2118 618 2166 varios
634 2118 663 2168 ln
674 2115 815 2167 hierarchia
831 2115 1000 2166 ecclesiastica
1010 2113 1103 2176 gradm
1114 2114 1161 2164 sibi
1170 2115 1260 2162 invicem

219 2181 403 2233 subordinatus.
1295 2211 1296 2249 r

248 2249 277 2299 b.
291 2254 360 2300 enim
371 2250 464 2302 Paulus
477 2253 504 2302 in
516 2265 618 2304 omnem
633 2256 727 2304 terrum
740 2255 849 2314 missus,
863 2252 948 2302 Titum
962 2254 1009 2302 toti
1020 2250 1112 2302 insuia
1123 2251 1197 2302 Crete
1209 2259 1260 2313 prn-

218 2320 289 2380 ponit
305 2319 465 2382 episcopum,
486 2319 703 2383 archiepiscopum
719 2326 744 2370 et
761 2320 908 2370 Primatem.
1294 2385 1295 2388 Ἰ

249 2385 312 2436 llnlc
332 2389 465 2448 praeposito
484 2389 598 2450 precipit
622 2393 651 2438 ut
669 2388 731 2438 aiios
747 2391 883 2438 constituat
899 2389 927 2437 in
946 2387 1053 2450 singulis
1074 2387 1210 2438 ciuitatibus
1227 2387 1258 2433 lu·
1294 2419 1295 2458 ,

153 2493 160 2504 .
219 2449 326 2505 ierlores'
345 2454 394 2504 sibi
412 2455 583 2517 presbyteros,
601 2458 730 2518 episcopos
748 2457 843 2507 scilicet
858 2460 883 2506 et
898 2457 1030 2519 parochos.

249 2522 321 2573 lianc
343 2534 402 2583 ergo
420 2526 598 2574 ministrorum
620 2525 870 2586 subordinationem,
885 2526 926 2576 uel
942 2528 995 2588 ipse
1011 2525 1128 2578 Christus
1151 2525 1256 2582 instituit,

217 2587 258 2640 rei
269 2590 379 2653 Apostoll
391 2591 487 2653 abipso
501 2591 599 2642 Christo
613 2593 694 2643 edocti
704 2595 878 2644 instituerunt.

248 2676 273 2722 6.
292 2674 321 2722 si
337 2673 394 2734 quir
405 2674 458 2724 siue
474 2675 578 2724 minine
590 2680 639 2725 ert..

248 2740 409 2794 Conditiones
421 2745 492 2793 notat
504 2744 532 2792 in
548 2745 662 2806 episcopo
678 2747 820 2808 requisitus.

247 2809 283 2859 hc
298 2811 397 2871 primb,
412 2811 478 2874 qnbd
493 2813 527 2862 sit
546 2814 599 2862 sine
611 2813 722 2864 emmim.
734 2814 777 2864 Gr.
795 2814 952 2878 inculpatus,
965 2815 1143 2868 inaccusabilis
1152 2855 1159 2876 ,
1168 2819 1255 2876 irruprc·
1292 2805 1293 2879 l

217 2875 349 2927 beneibilis
358 2897 366 2938 ς
385 2878 482 2940 idest,
501 2880 532 2929 de
550 2892 601 2940 qno
615 2879 685 2929 nnha
704 2881 758 2932 [leri
777 2885 856 2944 possit
870 2885 938 2943 justa
956 2884 1077 2944 quercla:
1091 2885 1150 2935 ulde
1166 2885 1255 2946 primurn

216 2943 327 2992 Timotb.
339 2948 404 3004 Μ,
421 2945 465 2994 ubi
482 2944 561 2995 habes
571 2947 649 3005 huius
658 2949 810 3001 conditionis
826 2952 1017 3014 explicationem
1027 2956 1052 3001 et
1064 2955 1194 3004 rationem.

247 3016 491 3068 vntusucortsoir,
1291 3022 1292 3088 l

245 3081 378 3143 Secundi,
396 3085 429 3134 eit
446 3086 523 3136 euius
540 3087 641 3138 tautdm
657 3092 745 3141 uxoria
760 3094 816 3151 uir,
831 3107 876 3144 scu
895 3107 946 3145 non
960 3095 1096 3156 bigamuse
1111 3095 1169 3146 vide
1179 3091 1255 3146 ibidem

214 3150 292 3210 hujus
301 3154 417 3214 precepti
429 3164 532 3204 sensnm
543 3159 569 3204 et
579 3159 703 3210 rationem
713 3164 768 3210 tum
779 3164 911 3224 mysticum
919 3195 929 3223 ,
938 3165 995 3212 tum
1008 3163 1142 3215 moralem.

243 3223 323 3275 Filios
335 3224 531 3290 bubcrefidelee.
1290 3231 1291 3297 l

242 3293 341 3354 Tertii,
353 3298 382 3346 ut
393 3297 414 3346 sl
429 3309 492 3358 quos
507 3299 573 3350 illios
583 3300 673 3352 habuit
683 3302 798 3354 nondum
809 3304 956 3368 ordinatus,
965 3305 993 3356 hi
1002 3306 1089 3358 iidcles
1100 3309 1167 3370 sint,
1178 3305 1251 3356 (iirbti

212 3361 310 3413 scilicet
326 3363 403 3413 tidem
422 3366 536 3428 professi.

241 3437 297 3486 Nou
314 3438 343 3486 in
358 3441 514 3490 accusatione
530 3441 648 3492 locutio.
1289 3427 1290 3507 l

241 3505 323 3556 Luxut
334 3519 386 3557 non
399 3509 451 3558 sint
461 3509 576 3570 obnoxii,
588 3511 632 3560 sed
643 3514 670 3560 in
681 3515 754 3564 omni
760 3526 850 3576 genere
861 3518 897 3565 itu
911 3518 1033 3569 moderuti
1047 3533 1079 3570 uc
1090 3519 1251 3582 temnendus,

215 3575 243 3620 ut
261 3584 309 3624 nec
327 3574 359 3624 de
372 3575 433 3626 luxu
449 3578 477 3626 in
490 3580 716 3631 comessationibus
726 3585 752 3632 et
762 3585 952 3647 potationibus,
969 3598 1016 3638 nec
1027 3587 1059 3638 de
1069 3587 1167 3638 luxuria
1176 3586 1251 3636 tuuint

213 3643 326 3691 accusati
337 3648 382 3694 aut
392 3647 510 3706 suspecti.
895 3647 898 3656 ⁴

248 3705 359 3768 Δσωτὶα,
380 3714 527 3763 universum
547 3717 748 3779 intemperentia
768 3730 848 3780 genus
867 3721 1017 3784 significat
1041 3725 1108 3776 bene
1123 3731 1203 3776 tarum
1216 3731 1251 3783 litt

213 3771 315 3825 buxeria
327 3771 458 3840 speciatim
469 3783 588 3834 sumitur.

246 3850 297 3897 dut
306 3863 356 3898 nou
366 3851 486 3903 subditos.

246 3914 356 3980 cuuto,
364 3923 509 3984 parentibus
519 3926 571 3978 sint
579 3926 721 3981 obedientes
731 3948 738 3982 r
751 3944 802 3984 uon
810 3934 861 3985 sint
873 3935 1080 4000 inobsequentes,
1091 3932 1249 3990 intrectabits
