2622 4552
305 315 477 368 nutriuit
495 314 717 370 expositio.
736 316 817 368 Cir.
836 315 887 369 xi.
1073 313 1128 368 565

96 413 124 464 3.
138 407 206 464 Fide
227 407 404 476 intelligimus
414 415 505 478 aptata
559 409 634 460 Nobis
652 413 803 458 autemnon
821 405 908 458 mimis
922 405 999 468 quim
1016 404 1066 454 iilis
1080 419 1128 454 nc-

63 500 126 540 esse
137 485 231 540 secula
246 485 332 539 verho
343 487 391 540 Dei
400 503 410 551 3
528 481 636 528 cessaria
647 482 685 528 est
696 479 751 528 hmo
760 480 849 538 virtus,
858 479 914 527 sine
924 488 974 537 qun
987 489 1034 526 neo
1046 479 1127 538 prima

528 545 663 608 Scriptura
684 545 761 595 rerba
784 545 943 606 concipimus
960 560 967 590 s
983 554 1029 604 per
1050 541 1127 592 iidem

528 617 598 664 enirn
614 614 778 676 intelligimus
799 612 926 664 mundum
944 610 997 660 solo
1008 610 1052 660 liei
1063 623 1128 660 con·

527 688 654 735 sunctum
665 685 788 747 imperio;

59 753 89 800 ui
115 761 150 801 cx
174 747 358 802 invisibilibus
388 749 505 804 visibilia
558 753 599 804 sic
618 757 704 804 autem
720 757 908 812 constructum,
923 755 967 810 ut,
980 750 1127 800 ert-intormi

59 825 169 878 tierent.
527 820 598 882 prbis
618 825 644 871 ot
664 819 802 877 invisibili,
826 819 958 875 excultus,
978 821 1082 867 ornatus
1103 821 1129 866 ει

528 888 634 948 risibilis
646 889 726 940 iactus
738 888 823 938 inerit.

92 951 120 1001 ⁴·
135 946 206 1002 Fide
224 949 373 1015 plurimam
385 948 504 1003 hOSiiam
557 958 611 1008 Dixi
632 964 716 1022 patres
735 959 853 1019 antiquos
870 967 917 1019 per
940 955 1016 1005 iidem
1038 965 1127 1004 conse·

58 1025 139 1090 thei,
152 1025 239 1092 quim
251 1027 318 1080 Cain
330 1026 502 1092 obtutuum,
527 1030 598 1075 cutos
611 1039 665 1076 esso
676 1027 781 1087 justitia
796 1027 979 1074 testimoninm.
995 1022 1057 1072 Abel
1073 1024 1127 1084 pri-

57 1116 203 1169 perquam
210 1103 401 1157 testimonium
409 1118 505 1158 conse-
527 1107 586 1144 mus
596 1097 712 1144 omnium
724 1093 858 1144 hinclusti
868 1103 1008 1153 cognomen
1018 1090 1125 1140 habuit:

57 1184 141 1231 cums
160 1185 205 1232 932
225 1193 286 1233 esse
304 1179 413 1247 justus,
424 1184 504 1234 testi,
528 1176 571 1226 per
587 1163 664 1213 iidem
676 1165 746 1212 enim
761 1161 903 1211 uberiorem
919 1165 944 1210 et
954 1163 1127 1223 pretiosiorem

57 1259 188 1313 monium
199 1258 366 1325 perhibente
378 1262 503 1316 muneri„
528 1235 638 1286 hostiam
664 1231 756 1282 obtulit
778 1231 844 1291 beo,
865 1230 942 1293 quim
963 1231 1025 1280 cain
1050 1230 1127 1280 irater

87 1452 112 1498 3.
126 1447 192 1498 Fide
206 1446 383 1509 inteilipimac,
402 1447 429 1498 id
447 1451 500 1506 esi,
511 1450 536 1500 et
552 1461 599 1499 nos
617 1457 717 1510 quoque
731 1445 828 1497 hebrai
846 1447 870 1497 ει
886 1444 971 1498 ildeles
982 1459 1070 1497 omnes
1083 1451 1127 1510 qui

59 1517 194 1577 vivimus,
205 1529 250 1579 pcr
262 1515 339 1566 iidem
350 1517 514 1580 intelliqimus
523 1523 549 1568 et
559 1518 694 1568 credimus.

87 1597 201 1654 Secula,
214 1596 240 1645 ld
253 1600 291 1647 est
301 1634 309 1658 ,
319 1601 433 1661 tempora
451 1603 476 1648 ei
490 1603 658 1661 temporario,
675 1612 719 1649 seu
733 1599 875 1660 mundum,
894 1598 985 1652 coelum
995 1634 1002 1658 ,
1013 1603 1126 1662 terram,

57 1679 130 1718 mnre
142 1671 169 1716 et
180 1667 267 1716 omnin
279 1679 335 1729 qun
346 1672 407 1718 sunt
422 1670 449 1719 in
460 1669 566 1720 mundo.

91 1747 176 1799 Verbo
187 1748 234 1798 Dei
242 1747 292 1806 ,id
305 1751 343 1800 est
353 1750 440 1810 ,iussu
450 1749 504 1800 ilci.

87 1826 188 1886 Apinio
201 1835 260 1874 ecco.
270 1821 314 1873 Gr.
322 1825 475 1874 constructa.
486 1824 542 1886 Syr.
554 1825 669 1876 ordinata
680 1826 721 1889 ,id
732 1828 788 1887 εει,
801 1828 885 1878 crecta
898 1829 924 1876 et
934 1831 1126 1891 compaginata,

56 1897 83 1944 in
95 1893 215 1944 ordinem
228 1891 338 1954 digesta,
349 1893 515 1956 omnibusque
527 1897 580 1945 suis
595 1895 709 1958 partibus
720 1899 873 1947 constructa.

89 1981 122 2030 dt
133 1992 163 2029 on
173 1977 355 2030 invi-nbilitas.
364 1977 408 2030 Gr.
422 1991 451 2030 er
469 1992 520 2030 non
538 1981 733 2043 apparentibus,
747 1979 772 2029 id
789 1983 842 2040 esi,
857 1991 887 2028 ex
898 1989 949 2028 non
962 1979 1128 2042 ¹existentibus

57 2051 107 2098 nisi
126 2049 154 2097 in
169 2050 255 2096 mente
267 2047 367 2109 divina,
378 2048 469 2099 tierent
479 2051 610 2100 existentia
621 2052 646 2098 et
656 2049 774 2098 visibilia.

88 2116 230 2177 anetnnus
245 2120 271 2165 ει
285 2115 328 2166 nlii
346 2130 391 2181 per
405 2117 540 2168 invisibilia
554 2117 699 2180 intelligunt
714 2117 791 2166 chaos
810 2119 834 2165 ει
846 2115 975 2176 abyssum.
990 2115 1074 2166 Primi
1087 2117 1128 2166 die

56 2185 127 2234 Deus
138 2185 233 2234 creauit
245 2183 334 2234 coelum
353 2192 375 2235 et
390 2191 500 2247 terrcm;
514 2191 582 2235 terro
595 2192 679 2236 cutem
690 2186 773 2233 inanis
789 2190 811 2233 ει
829 2197 929 2242 nocuo,
940 2195 999 2244 reu,
1012 2187 1040 2234 ut
1055 2187 1128 2235 aiunt

56 2254 242 2316 Septuaginta,
255 2257 309 2303 erni
319 2255 453 2306 invisibilis
467 2259 492 2305 et
507 2256 674 2318 incomposita
683 2272 691 2316 i
707 2265 737 2302 cn
756 2251 804 2303 hoc
815 2257 900 2302 nutem
917 2251 982 2302 chao
997 2253 1062 2303 Deus
1078 2267 1128 2303 ca-

57 2330 117 2372 torn
129 2321 189 2372 iecit
199 2358 207 2382 ,
219 2324 339 2385 inquiunt
352 2322 388 2374 iiii
402 2328 526 2374 auctores.

88 2391 219 2453 Quidquid
230 2393 269 2458 sit
279 2428 286 2453 ,
295 2396 447 2446 creationem
457 2394 547 2444 mundi
560 2405 608 2445 nec
620 2406 722 2454 sensus,
737 2405 784 2444 noc
799 2395 877 2454 ratio,
887 2391 931 2443 scd
946 2390 998 2442 solo
1009 2391 1071 2443 fides
1082 2393 1128 2442 do-

56 2465 101 2511 cet
114 2479 121 2519 ;
136 2460 198 2511 hinc
209 2471 265 2510 eam
279 2473 330 2511 non
346 2461 524 2512 intellexerunt
535 2463 687 2526 philosophi.

88 2529 158 2578 ilinc
170 2531 247 2578 etiam
258 2529 323 2580 mihi
338 2530 465 2592 probabile
480 2529 580 2580 uidetur
593 2531 660 2592 qubd
671 2530 726 2580 haeo
736 2530 812 2580 verbu
825 2529 899 2580 divus
914 2529 1006 2580 Paulus
1015 2531 1046 2580 de
1059 2534 1128 2581 anti-

54 2601 119 2660 quis
135 2598 249 2661 putribus
259 2598 382 2648 disserens
393 2601 541 2661 interserat,
554 2603 583 2648 ut
594 2603 706 2649 insinuet
719 2601 780 2662 ipsis
791 2600 900 2648 iiebraeis
911 2603 936 2648 et
946 2599 1018 2648 nobis
1030 2604 1128 2648 tanturn

55 2667 121 2718 ildei
139 2669 332 2727 necessitatem,
350 2671 378 2716 ut
391 2669 446 2716 sine
463 2669 533 2729 ipsn,
546 2680 594 2717 nec
608 2669 690 2730 prima
701 2669 836 2730 scripturn
846 2667 923 2716 uerba
938 2666 1126 2726 inminuamus:

55 2735 212 2796 seilicet,in
227 2737 353 2797 principio
369 2738 435 2786 Deus
448 2737 504 2799 sccii
517 2737 607 2787 coelum
620 2743 642 2786 et
655 2743 757 2786 terram.

90 2805 122 2854 i).
136 2803 215 2854 Paulo
228 2805 260 2861 do
271 2805 359 2866 Aheic,
370 2805 489 2865 ilenoch,
503 2809 551 2856 etc.
564 2805 741 2854 locuturotota
756 2803 859 2854 Genesis
875 2805 902 2853 in
918 2807 1031 2852 mentem
1044 2807 1127 2864 venit;

56 2879 85 2924 et
97 2877 282 2936 consequenter
292 2876 373 2938 prima
388 2874 456 2924 iliius
466 2875 554 2925 verba:
567 2874 678 2936 hincque
690 2875 769 2923 sumit
779 2874 936 2922 occasionem
947 2871 1055 2921 iiebraeis
1067 2875 1128 2922 insi-

56 2944 164 2997 nuandi
177 2946 353 2995 necessitatem
367 2943 442 3005 tidei;
456 2948 481 2995 ει
496 2945 552 2995 ideo
569 2945 731 3010 interrumpit
748 2953 892 2994 sermonem
914 2941 945 2991 dc
960 2944 1072 3004 antiquis
1088 2946 1128 2992 in·

59 3019 188 3078 ceptum,
203 3018 232 3064 ut
247 3014 327 3078 dicat,
343 3015 393 3078 ilde
402 3015 582 3080 imminuimus,
597 3020 641 3066 etc.

92 3108 117 3156 i.
143 3105 205 3156 Fide
219 3105 375 3169 plurimum,
394 3109 421 3159 id
440 3112 494 3171 εει,
513 3109 692 3171 copiosiorem,
707 3108 915 3171 prestantiorem.
935 3107 977 3156 Gr.
997 3109 1066 3156 enim
1091 3120 1128 3166 εει

56 3179 281 3240 comparativum,
298 3177 398 3237 πλέονα,
411 3181 482 3239 quusi
495 3215 501 3238 ,
513 3179 613 3242 plurem
620 3193 630 3238 ,·
640 3178 683 3228 sed
698 3181 758 3239 quia
770 3177 903 3227 intinedici
921 3191 971 3226 nou
984 3183 1064 3240 potest
1074 3215 1080 3234 ,
1090 3181 1128 3227 in-

56 3255 162 3310 terpres
176 3250 261 3296 noster
276 3247 505 3318 dixitpiurimum,
518 3248 597 3310 pluris
613 3252 638 3296 et
654 3249 755 3308 maioris
771 3249 858 3309 pretii.
873 3247 970 3296 scilicet
986 3249 1065 3307 gregis
1088 3255 1127 3301 sui

55 3317 232 3380 primogenita
244 3320 268 3366 ει
279 3316 365 3380 adipes
376 3329 477 3376 eorum,
489 3317 552 3366 Gen.
567 3320 599 3376 i,
616 3330 643 3365 u,
655 3319 677 3366 t.

94 3395 182 3457 Qudm
197 3398 271 3457 coin,
282 3399 326 3459 qui
342 3397 541 3458 lancinatorum,
557 3397 600 3447 scd
616 3409 668 3447 non
681 3395 796 3448 meliores
807 3395 905 3445 obtulit.

92 3479 147 3529 Per
158 3491 251 3540 quom,
269 3492 313 3528 seu
327 3479 417 3540 iidem,
435 3491 479 3526 seu
497 3477 624 3538 hosiinm;
639 3477 681 3527 vei
692 3482 845 3539 uirumque,
860 3491 904 3526 seu
923 3489 967 3538 por
981 3489 1057 3538 quum
1068 3477 1129 3526 hos-

55 3551 126 3598 tiam
141 3546 191 3597 ilde
206 3550 296 3608 maiori
307 3547 425 3598 oblatam.

95 3628 277 3679 Testimonium
291 3631 396 3690 iustitie
408 3631 504 3679 meruit
519 3631 546 3677 in
566 3628 719 3692 Scripturis,
734 3629 877 3686 seu,utait
890 3627 981 3687 Syrus,
997 3630 1128 3690 propterea

56 3700 145 3749 exstat
155 3696 187 3748 de
198 3697 241 3747 iiio
252 3700 427 3749 testimonium
436 3697 504 3760 qudd
518 3700 602 3758 justus
615 3696 698 3746 inerit.

96 3781 277 3830 Testimonium
291 3780 442 3843 perhibente.
455 3781 497 3830 Gr.
518 3782 626 3829 testante
643 3781 670 3827 in
684 3777 832 3828 munoribus
848 3777 901 3836 eius
912 3776 1038 3838 hensyr.
1052 3781 1127 3840 atque

57 3850 240 3900 testimonium
255 3850 383 3913 perhibuit
395 3850 426 3899 do
442 3850 566 3900 oblatione
578 3851 632 3908 eius
644 3847 718 3896 Deus.

92 3923 210 3986 Rerpccit
223 3924 289 3972 enim
305 3925 425 3972 Dominus
439 3924 472 3972 cd
489 3923 558 3973 ibet.
575 3921 637 3972 Gen.
650 3924 680 3982 i,
695 3934 721 3969 n.
734 3913 788 3968 ti,¹

93 3997 219 4061 ueneno.
242 3995 397 4052 theodotion
416 4000 491 4048 vertit
510 4017 516 4046 ι
533 3996 715 4057 lniinmmnvii,
738 3995 827 4057 ignivit
844 4007 919 4060 super
937 4009 1043 4048 munem
1062 4002 1127 4060 cius.
