2622 4552
199 293 251 346 roc
323 263 325 272 '
491 287 696 362 srrsrourc
715 290 763 340 sn
782 286 969 342 uuunnos

229 386 255 436 si
270 387 298 436 in
312 397 390 436 causa
402 383 478 446 ddei,
492 383 550 447 iuge
566 382 658 444 iham,
677 394 729 434 non
745 381 827 434 scium
843 383 864 432 si
880 381 957 432 homo
972 379 1066 440 tuerit,
1088 377 1211 432 sedetiam
1224 376 1241 427 si
1302 449 1303 472 Χ

199 453 308 516 Angelus
324 453 355 504 dc
373 452 435 504 cmio
451 452 617 502 descenderit.

229 521 255 574 Si
269 520 329 574 vert
342 521 369 569 in
381 522 434 570 riis
447 524 473 572 et
482 521 510 575 ip
526 519 640 570 moribus
653 516 780 580 malignus
795 522 845 578 ost,
858 517 912 568 noli
924 517 1040 568 scrutari.

230 590 295 642 iudi
307 589 437 642 Christum
452 589 600 640 diceutems
616 589 699 650 Super
715 588 860 640 cathedram
879 587 959 650 Faces·
970 581 1099 644 sederent,
1113 592 1156 635 ete.
1173 585 1243 634 ceron

198 669 227 712 er
245 675 277 720 o,
290 665 335 710 etc.
1302 663 1303 730 ζ

227 673 305 789 aussi
317 728 412 779 diceret
424 747 431 779 r
445 728 544 778 Habent
559 727 722 789 dignitatem,
740 725 807 778 hunc
820 739 933 776 reverere
943 762 950 785 ,
962 730 987 776 et
998 725 1030 775 oh
1046 723 1117 774 iilum
1129 725 1165 776 eis
1177 721 1243 773 ohcdi.
1302 733 1303 768 1

230 796 403 848 obediendum
421 809 480 859 ergo
497 797 576 846 etlam
595 793 703 859 dyscolis
723 797 755 844 ct·
766 793 840 844 maiis
858 794 983 858 prolatis.
1006 793 1138 854 honorque
1155 793 1209 854 ipsis
1221 789 1245 838 ot
1302 829 1303 832 ,

200 865 348 928 dignitatem
358 865 522 916 exhibendus.
1302 893 1303 900 ι

230 941 285 1004 ipsi
299 940 365 990 reim
377 939 560 1002 percipitoct...
577 941 703 993 rstioncm
721 941 815 990 nmtrae
834 938 997 998 subiectionis
1011 938 1037 986 et
1055 937 1199 986 reverentie
1213 933 1247 982 tut
1302 957 1303 996 p

199 1007 333 1072 Apostolus
343 1025 350 1056 r
364 1007 484 1058 debemus
495 1010 532 1056 eis
548 1007 667 1070 obedire,
679 1019 771 1072 eosque
783 1009 909 1068 revereri¹
920 1006 979 1070 quis
990 1007 1093 1069 propter
1104 1014 1151 1054 uos
1160 1005 1246 1054 iocum·
1302 1015 1303 1084 p

199 1075 564 1138 hitaisiooorctpericuium.
806 1135 810 1140 ,

230 1145 336 1195 Instruit
354 1143 449 1194 eisdem
465 1145 548 1195 verbis
562 1143 697 1210 praehtos=

230 1227 284 1292 ipse·
299 1227 365 1276 entre
377 1225 571 1291 pomptinae...
832 1263 836 1272 .

230 1294 341 1346 hudiunt
359 1307 416 1356 ergo
437 1296 580 1357 principes,
604 1291 717 1356 prelati,
742 1298 865 1354 rectores,
890 1297 1013 1358 quonism
1034 1295 1102 1344 sicut
1121 1294 1248 1346 obedientes

198 1369 296 1429 oportet
306 1377 360 1415 essc
376 1365 507 1425 subditos,
525 1364 563 1414 sic
585 1363 736 1426 vigilantes,
747 1369 775 1413 ct
790 1365 887 1415 sobrios
903 1367 1002 1428 oportet
1017 1375 1071 1412 esse
1090 1367 1210 1425 rectores,
1221 1367 1249 1412 nit

200 1435 230 1486 u.
243 1435 446 1498 chrysostomus.

233 1508 313 1568 Quasi
328 1506 660 1560 commutescerent
677 1511 731 1568 est,
748 1507 865 1558 imminct
879 1505 1021 1572 periculum
1036 1510 1091 1570 cius
1103 1511 1194 1572 capiti;
1205 1521 1253 1572 pro-

199 1582 254 1640 pter
264 1583 290 1628 te
301 1579 471 1638 subiiciuntur
486 1579 567 1639 poenis
585 1579 747 1639 peccatorum
760 1582 873 1628 tuorum.
888 1577 958 1627 idem
969 1577 1000 1626 D.
1013 1578 1215 1640 chrysostomus.

229 1647 281 1698 iloc
297 1651 336 1696 est
351 1648 493 1698 maximum
513 1646 675 1710 periculum,
692 1645 723 1694 de
739 1645 814 1696 isctis
829 1645 933 1696 alterius
952 1647 1078 1697 rationem
1091 1647 1206 1713 reddere,
1216 1653 1253 1715 qut

199 1728 245 1780 pro
264 1717 320 1766 suis
336 1727 389 1765 non
408 1715 515 1775 sufficit,
530 1718 566 1764 uit
586 1715 617 1765 o.
633 1714 752 1765 Thomas.

229 1784 267 1835 Ad
279 1784 328 1835 hoc
340 1783 453 1834 attendat
470 1783 590 1848 prolatus
607 1787 634 1834 et
648 1785 844 1845 contremiscam
861 1786 977 1836 omnium
988 1796 1052 1846 quos
1065 1788 1131 1848 regit
1141 1791 1252 1840 rationem

198 1855 343 1905 redditurus
354 1857 400 1904 est.

227 1924 305 1974 hiiror
317 1936 351 1974 an
366 1923 422 1974 itari
437 1925 515 1986 possit
536 1926 565 1976 ut
584 1921 677 1986 siquis
695 1933 727 1974 ex
745 1924 886 1976 redemtos
900 1927 934 1976 sit
947 1923 1049 1984 mirus,
1063 1928 1100 1976 cit
1111 1927 1146 1978 h.
1155 1927 1247 1989 Chryso

149 2051 152 2056 Δ
201 1997 314 2044 stomusr
326 2007 403 2057 quem
411 1994 469 2043 vide
480 1993 524 2043 hic
534 1992 624 2044 homil.
636 1995 683 2055 tt,
696 1995 724 2043 in
735 1992 848 2056 spionia
861 1994 893 2044 nd
906 1994 982 2046 Hchr.
998 2008 1054 2058 cap.
1070 2001 1114 2046 ¹3.

231 2078 261 2126 Ut
276 2091 333 2127 com
350 2077 446 2140 condio
460 2075 572 2139 sociaci,
587 2081 610 2126 ct
622 2090 672 2128 ooo
682 2081 831 2138 comentes...
851 2075 919 2142 podii
931 2091 997 2136 ooo,
1017 2085 1062 2130 etc.
1079 2080 1108 2129 in
1126 2079 1168 2131 his
1186 2083 1250 2132 eiiorr

197 2146 280 2198 serbis
295 2149 457 2198 instruuntur
471 2147 498 2195 et
518 2145 612 2196 subditi
626 2148 651 2197 et
668 2143 776 2211 praeioti.

227 2213 325 2266 Prolati
338 2217 441 2280 quidem
454 2214 517 2277 quid
533 2213 615 2266 tacere
634 2213 742 2268 debeant
755 2213 816 2267 edm
833 2215 1005 2268 inobedientes
1016 2221 1077 2268 sunt
1088 2217 1197 2281 suhdid,
1207 2223 1246 2269 sri-

197 2283 270 2345 licet‚
282 2296 398 2348 gemere,
409 2294 491 2336 orare.

227 2354 268 2404 Sic
280 2353 393 2405 medicus
404 2356 565 2416 contemptus
576 2353 609 2404 ab
622 2356 723 2416 egroto,
734 2351 824 2416 ploret,
837 2355 979 2418 ingemiscit
988 2393 998 2417 ,
1008 2369 1061 2408 non
1075 2369 1103 2408 se
1115 2357 1248 2416 ulciscitur,

197 2424 234 2472 eit
246 2422 320 2474 dirus
333 2421 537 2486 chrysostomus.

226 2491 281 2540 Non
300 2491 362 2540 sinit
383 2488 516 2553 Apostolus
534 2486 666 2552 prolatum
684 2501 818 2554 erumpere
835 2491 867 2542 ad
887 2491 998 2554 probra,
1015 2493 1048 2546 ed
1066 2495 1245 2546 contumeliasr

198 2561 241 2614 sed
257 2563 354 2626 oportet
364 2571 423 2610 enm
437 2561 602 2620 ingemiscere
613 2558 675 2610 crim
688 2559 842 2624 despicitur,
856 2566 905 2611 etc.

226 2630 278 2680 iioc
294 2633 331 2679 est
344 2627 441 2692 praelati
455 2628 577 2680 odicium.

227 2697 301 2748 Adest
323 2699 482 2752 subditorum
503 2697 633 2748 munitior
649 2698 702 2748 Hoc
723 2704 808 2748 cutem
827 2713 879 2749 ,coc
897 2701 994 2762 repedet
1014 2693 1103 2760 ochis,
1126 2705 1200 2765 quia,
1218 2705 1247 2752 rii

196 2769 225 2820 i).
237 2767 445 2831 chrysostomus.
457 2767 566 2830 gemitus
575 2766 672 2832 praeisti
681 2766 770 2829 quius
780 2767 995 2820 uitionedeterior
1006 2775 1044 2821 ast
1056 2791 1063 2821 ι
1076 2783 1181 2834 gemens
1190 2775 1246 2822 enin

195 2835 276 2886 Deum
287 2835 395 2886 ultorem
409 2835 524 2888 advocat.
810 2880 813 2885 .

225 2905 255 2954 u.
274 2903 468 2966 chrysostomus
478 2903 522 2954 hic
533 2903 606 2956 docet
615 2904 741 2966 quomodo
757 2905 846 2968 debent
861 2906 1034 2968 unusquisque
1049 2919 1077 2956 sc
1091 2911 1160 2960 circa
1171 2910 1245 2974 preir-

196 2975 291 3022 tionem
303 2983 388 3032 gerere
404 2989 411 3022 r
875 3019 877 3024 .

225 3039 416 3089 Considerantes
428 3039 571 3102 periculum
586 3043 683 3103 oportet
699 3039 798 3102 sugere.

225 3106 423 3169 comprehensos
438 3111 525 3158 tamen
539 3114 637 3172 oportet
654 3109 763 3160 obedire.

225 3175 390 3226 presentiens
408 3188 466 3238 ergo
482 3177 548 3239 iuge.

224 3243 426 3309 Comprehensos
442 3245 533 3304 obedi;
547 3247 574 3294 et
591 3257 724 3306 nunquam
745 3250 909 3310 temetipsum
922 3250 950 3299 in
965 3253 1066 3300 tantm
1081 3251 1177 3305 molam
1192 3249 1247 3302 nint

206 3329 219 3364 e
231 3316 342 3374 conjice,
353 3318 430 3378 caput
439 3317 596 3365 tuumtsnto
606 3315 742 3376 subiiciens
755 3318 887 3380 supplicio.

223 3403 348 3451 innocua.
361 3427 392 3438 -
401 3403 451 3452 Per
459 3403 545 3465 ipsum
553 3415 611 3464 erpo
623 3403 758 3463 offeremus
771 3405 925 3455 Hostiam...
940 3408 977 3457 15.

223 3473 251 3520 in
264 3474 316 3520 tota
333 3469 382 3520 hac
401 3469 506 3534 epistola
524 3469 588 3532 sept
599 3468 662 3518 dixit
674 3469 805 3532 Apostolus
815 3476 839 3522 et
849 3473 964 3536 probavit
974 3474 1042 3537 quod
1052 3475 1178 3526 habemus
1190 3475 1245 3526 Poo-

189 3537 301 3598 tiiicem,
314 3549 369 3599 cap.
384 3541 412 3596 8,
427 3550 454 3585 n.
469 3541 566 3598 t;cnp.
580 3539 609 3598 9,
621 3549 649 3587 n.
665 3542 690 3587 ti
703 3576 711 3599 ,
724 3544 772 3590 etc.

223 3607 290 3656 Dixit
299 3610 325 3656 et
335 3604 463 3656 multoties
480 3606 549 3668 quod
560 3605 683 3657 hahemus
693 3611 841 3671 victimam,
853 3613 937 3676 eapite
945 3615 977 3671 9,
989 3625 1017 3661 n.
1029 3613 1078 3662 iaz
1090 3615 1244 3678 semetpuu

194 3673 285 3726 obtulit
295 3674 489 3726 immacutatum
500 3674 568 3732 lieo,
583 3687 640 3738 cup.
657 3679 687 3737 d,
707 3690 735 3726 n.
746 3679 785 3727 2⁷.
1086 3736 1095 3744 ³

221 3742 322 3792 iiixitin
331 3745 494 3804 anniterer.
506 3747 550 3794 ior
559 3744 787 3805 dedecorauere,
794 3747 892 3810 hocque
899 3745 1040 3811 triplex,‚ut
1047 3750 1085 3800 ihi
1093 3750 1192 3802 dietum
1201 3752 1243 3797 est:

222 3811 359 3872 Ligneum,
371 3813 398 3860 in
409 3823 460 3873 quo
470 3811 603 3872 Christus,
623 3813 708 3875 Agnus
725 3813 767 3864 Dei
781 3817 884 3866 cruente
900 3828 945 3881 pro
961 3817 1034 3868 nohis
1046 3820 1195 3868 immolatus
1205 3819 1244 3866 cst.

222 3879 376 3942 Lapideum,
388 3883 415 3927 in
426 3891 477 3942 quo
490 3879 605 3930 Christos
620 3883 754 3934 reconditor
763 3887 875 3936 ordinem
887 3887 1244 3947 consecraneorum

193 3947 328 4008 metipsum
344 3949 458 3998 rmmoiat
470 3949 610 3998 tormento.
