2670 4542
322 315 482 372 SEGUNDAE
499 309 674 367 EPISTOLAE
693 309 738 364 sb
756 300 1090 362 sunsssuotticnitsbs

172 428 1228 478 w

469 671 471 676 .
525 559 666 633 uisui
686 553 877 630 PRIMUM.

379 723 564 766 nissnnnssts.
956 711 1066 752 'iffliss-

217 857 315 907 sunus,
328 849 353 896 st
366 844 506 907 sylvanus,
520 855 565 894 seu
583 839 672 904 sylas,
686 840 711 887 et
724 835 768 885 'ii-
789 837 818 888 ι.
830 845 979 962 Pronus,
1002 836 1031 886 et
1043 830 1194 898 sylvanus,
1205 833 1234 882 et

217 913 622 973 motheus,'ibessaionicensium
633 906 769 968 sedete.
883 909 1058 970 Timotheus,
1104 905 1235 960 Ecclesiae

175 985 202 1032 in
215 983 346 1034 beoPatre
356 986 442 1032 nostro
451 981 590 1032 etbomino
600 978 659 1029 iesu
670 976 769 1027 Christo
791 985 1098 1049 qhesffiqonqoensqun„
1118 984 1147 1034 in
1174 985 1234 1036 Deo

174 1059 308 1108 existenti:
791 1069 871 1118 Patre
883 1069 989 1130 nostro,
998 1070 1027 1117 et
1036 1061 1155 1116 Domino
1167 1064 1235 1116 iem

792 1144 899 1198 Christo
910 1159 917 1196 r

204 1231 289 1282 Gratia
300 1231 371 1282 vobis
389 1235 415 1281 et
424 1243 473 1295 pax
482 1231 556 1281 detur
573 1243 603 1281 ιι
618 1231 771 1295 multiplice·
826 1219 954 1274 maiia
966 1219 1045 1272 vobis
1051 1223 1079 1273 et
1086 1215 1165 1286 1¹⁸¹&
1175 1219 1234 1270 Deo

175 1307 217 1349 tur
229 1300 244 1348 d
257 1299 307 1350 beo
317 1300 390 1349 Patre
403 1303 506 1361 nosho,
520 1303 545 1348 et
562 1300 578 1349 d
594 1299 701 1350 bomine
710 1301 770 1352 iesu
792 1297 872 1349 Patre
883 1302 990 1359 nostro,
1001 1301 1030 1349 et
1039 1295 1158 1349 Domino
1168 1296 1235 1347 iesu

174 1369 282 1420 Christo.
792 1373 911 1428 Christo.

206 1463 329 1516 Debemus
343 1455 436 1526 gratias
450 1463 501 1514 neo
523 1475 621 1528 semper
633 1475 707 1526 agere
725 1476 771 1528 pro
828 1453 855 1503 5·
868 1451 975 1503 Gratias
994 1463 1077 1518 agere
1099 1447 1236 1501 debemus

175 1533 258 1592 vobis,
271 1539 301 1582 ut
310 1545 356 1594 par
368 1537 394 1582 et
409 1545 510 1593 aequm
521 1535 575 1592 est,
587 1544 617 1582 ec
627 1533 695 1594 quod
710 1532 772 1582 tides
793 1541 903 1594 semper
911 1531 967 1582 Deo
978 1542 1029 1594 pro
1037 1525 1233 1584 nobisiratres
1261 1568 1264 1580 .

174 1607 256 1652 vestm
273 1615 349 1664 snpra
366 1602 472 1652 modum
488 1606 631 1664 accrescat,
645 1606 670 1652 et
680 1605 771 1653 unius-
793 1605 832 1658 ιιι
853 1610 886 1658 ιι
903 1605 1018 1673 dignum
1029 1610 1086 1668 cst,
1100 1603 1236 1671 quoniam

204 1787 265 1838 Gar.
276 1787 296 1838 1.
312 1790 335 1838 i.
348 1786 449 1838 Paetus
460 1793 483 1838 ct
497 1787 654 1850 seirenes...

208 1856 277 1908 idem
293 1856 424 1908 exordium
438 1869 469 1908 ac
485 1859 513 1908 in
528 1856 611 1922 prims
626 1856 731 1922 epistoid
745 1861 775 1908 ut
792 1857 868 1920 cupri
887 1856 921 1910 ad
940 1854 1057 1916 eosdem,
1069 1866 1146 1918 quum
1166 1853 1234 1906 vide.

206 1937 320 1987 Ecctecie
337 1938 605 1999 thesolonicensium,
627 1940 656 1990 tc
670 1941 721 1991 beo
734 1941 841 1992 Patre...
859 1939 887 1991 id
904 1943 958 2000 est,
975 1937 1092 1990 Ecclesiae
1104 1935 1236 1988 ‘thessalo-

174 2009 317 2058 nicensium
336 2008 493 2071 christiane,
512 2022 557 2060 sen
571 2009 651 2074 gratie
668 2010 712 2060 bei
728 2009 809 2060 Patris
824 2013 849 2058 et
866 2009 968 2060 Domini
979 2010 1058 2061 nosur
1068 2005 1128 2057 iesu
1140 2006 1236 2058 Christi

176 2077 308 2126 existenti:
324 2089 387 2138 seu,
406 2090 484 2140 quam
502 2079 632 2143 adoptavit
648 2078 730 2139 Deus,
746 2078 860 2128 bdelium
875 2081 960 2141 pater;
975 2081 1001 2126 et
1016 2089 1093 2138 quarn
1111 2075 1236 2126 hominm

176 2149 260 2196 noster
268 2146 335 2196 bens
345 2146 477 2207 Christus,
490 2153 579 2199 auctor
588 2147 647 2199 iidsl
658 2152 749 2198 umus
761 2151 788 2198 et
798 2149 942 2198 animarum
956 2147 1101 2210 spiscopus,
1112 2145 1145 2195 sd
1157 2145 1235 2194 iidem

174 2218 266 2273 vocat,
281 2214 378 2276 sibique
390 2227 435 2277 per
449 2217 606 2280 baptismum
625 2216 760 2276 adunavit,
779 2228 856 2267 snum
872 2227 963 2280 corpus
979 2215 1075 2276 effecit,
1097 2217 1236 2276 sancteque

173 2284 267 2344 Spiritu
281 2295 327 2333 suo
342 2285 474 2334 animavit.

207 2351 259 2401 lioc
272 2354 311 2400 est
321 2353 349 2400 in
363 2350 413 2401 beo
428 2353 534 2403 existere
550 2352 628 2404 :talis
642 2356 681 2404 est
693 2355 777 2405 omnis
791 2353 903 2404 Ecclesia
917 2352 976 2404 verb
988 2351 1139 2410 christiana,
1150 2363 1195 2401 seu
1206 2353 1234 2401 in

173 2420 222 2468 beo
237 2421 354 2470 existens.

208 2485 274 2538 Taiis
285 2489 319 2538 sit
328 2499 386 2550 ergo
400 2491 572 2554 unumanns
582 2489 758 2542 Christianus:
772 2491 807 2540 sit
824 2492 852 2540 ιι
869 2489 919 2540 beo
934 2489 1021 2550 Patre,
1031 2500 1076 2552 per
1093 2488 1235 2550 adoptionis

177 2558 282 2617 gratiam
292 2591 299 2612 .
311 2558 345 2606 sit
359 2555 475 2617 Christo,
492 2557 537 2607 bei
554 2557 622 2619 tilio,
636 2557 779 2619 adunatus,
793 2561 823 2608 ut
840 2559 983 2609 membrum
997 2559 1073 2621 cupiti
1088 2570 1152 2618 sno;
1170 2559 1203 2606 sit
1217 2558 1234 2607 d

176 2627 270 2688 Spiritu
280 2629 367 2676 sancto
377 2628 506 2676 animatus
517 2630 543 2677 et
554 2631 636 2678 aetus.

205 2695 357 2746 Recordatur
372 2708 471 2759 semper
492 2709 532 2758 sc,
551 2709 596 2759 per
611 2697 784 2761 baptismum,
804 2711 858 2748 esse
872 2697 917 2748 bei
929 2697 1030 2757 tilium,
1045 2695 1138 2746 Christi
1153 2708 1235 2746 mem-

175 2766 267 2823 brum,
287 2765 395 2828 Spiritus
416 2769 498 2816 sancti
517 2766 691 2817 habinculum
709 2785 717 2818 a
736 2769 806 2818 vivat
822 2771 906 2830 ltaque
925 2771 954 2817 ut
968 2767 1013 2817 bei
1029 2765 1113 2824 fliius,
1125 2770 1154 2816 ut
1170 2765 1233 2816 alter

174 2835 289 2896 Christus
295 2854 304 2896 ς
316 2839 374 2898 agat
384 2838 411 2886 in
422 2836 518 2900 Spiritu
528 2839 625 2888 sancto.

204 2925 229 2971 2.
248 2923 337 2974 Grotic
349 2922 452 2973 cobis...
466 2922 527 2972 ihde
539 2923 649 2985 primam
662 2922 802 2987 epistolam.

204 3013 228 3058 3.
243 3009 344 3059 Grotius
358 3021 433 3071 opere
450 3009 594 3059 debenus...
927 3015 937 3038 ·

205 3077 235 3125 ln
252 3076 335 3138 prima
355 3076 459 3139 epistoih
480 3077 513 3125 ad
528 3075 774 3140 Thessalonicenses,
793 3079 822 3129 Ι).
840 3080 934 3130 Paulus
948 3078 1024 3130 iidem
1042 3081 1068 3128 et
1084 3078 1233 3130 charitatem

174 3138 435 3196 'thessalonicensium
446 3145 558 3195 lucidavit
565 3166 573 3206 ;
586 3147 630 3197 hic
642 3150 773 3211 utriusque
783 3151 883 3199 virtutis
895 3148 981 3199 iaudat
993 3150 1146 3198 incrementa
1158 3165 1165 3196 ι
1177 3148 1233 3200 heo

176 3227 233 3277 erqo
246 3213 324 3264 altera
336 3216 473 3276 posterior,
484 3219 510 3264 et
523 3216 582 3265 vere
592 3217 712 3266 secunda.

204 3284 241 3333 Ex
255 3282 303 3332 hie
315 3281 426 3345 Apostoli
439 3282 513 3333 laude
524 3289 549 3334 et
561 3287 698 3347 gratiarum
711 3288 828 3346 actione,
843 3286 910 3336 disce
925 3284 992 3349 qubd
1003 3283 1065 3334 tides
1077 3288 1103 3334 et
1121 3284 1232 3336 charitas

174 3356 226 3402 sint
244 3361 310 3400 vere
330 3350 467 3402 christiani
484 3353 594 3414 divitie,
610 3366 708 3417 semper
728 3353 856 3417 optandae,
875 3366 972 3415 semper
990 3352 1124 3415 angendae,
1143 3357 1168 3400 et
1185 3367 1232 3414 pro

173 3433 282 3484 quarum
297 3422 479 3482 acquisitione,
491 3425 680 3473 conservatione
693 3426 718 3473 et
732 3425 888 3473 incremento
900 3421 909 3485 (
920 3424 973 3471 sive
983 3421 1027 3470 iiat
1042 3421 1165 3480 innubis,
1177 3425 1231 3471 sive

177 3497 205 3542 io
218 3488 290 3553 aliis)
301 3494 387 3553 gratie
396 3490 446 3540 beo
456 3504 554 3554 semper
568 3492 679 3553 agendo.

206 3561 255 3611 Sed
270 3563 386 3623 inquies,
399 3561 466 3611 unde
477 3574 611 3624 agnoscam
627 3561 691 3611 iliud
707 3566 871 3624 augmentum
884 3559 963 3609 iideii

206 3630 311 3693 Quando
321 3644 367 3695 pro
377 3631 407 3680 ei
415 3644 489 3694 grave
498 3631 559 3694 quid
568 3633 694 3694 patimur,
704 3635 739 3681 ait
754 3631 783 3681 b.
794 3631 902 3680 ioannes
911 3629 1117 3690 chrysostomum
1128 3630 1231 3690 quando

177 3705 204 3754 ln
215 3701 383 3750 tentationum
394 3701 559 3750 inundatione
570 3713 622 3749 non
632 3700 829 3759 submergimur,
838 3697 881 3745 sed
893 3699 1054 3758 supercrescit
1063 3697 1124 3760 fides
1133 3705 1229 3752 ιοιιια.

175 3769 360 3833 supercrescit,
381 3764 509 3818 nota‘hoc
525 3769 649 3827 verbum,
668 3765 809 3815 altitudinis
827 3776 954 3813 excessum
974 3764 1084 3826 indicat,
1100 3767 1136 3815 ait
1149 3766 1230 3818 'ibeo-

171 3838 445 3902 phylactusexssncto
460 3838 644 3900 Chrysostomo.
827 3831 833 3842 ’

206 3909 257 3959 iioo
268 3907 393 3967 monium,
402 3910 455 3958 vita
465 3919 588 3971 presens,
600 3907 638 3954 est
649 3905 728 3952 instar
738 3903 831 3952 maris:
844 3902 908 3964 supe
919 3904 1020 3953 irruunt
1031 3904 1110 3960 venti,
1122 3903 1150 3951 tit
1163 3909 1230 3955 tem-

176 3983 276 4040 pestas,
291 3977 441 4029 attolluntur
456 3976 536 4027 crebri
555 3977 581 4023 et
597 3973 667 4023 densi
682 3971 783 4024 ductus.
794 3971 833 4022 sd
849 3971 925 4022 tidem
941 3983 1062 4024 recurre:
1083 3970 1125 4021 iiia
1138 3974 1171 4022 sit
1183 3977 1229 4028 tibi
