2670 4542
200 315 236 368 88
397 313 528 368 PiiiliAE
546 309 749 366 EPISTOLAE
768 305 1062 365 ab'siiio'iiiisiiti

230 406 356 460 Creditum
365 415 405 460 eet
416 410 445 460 io
459 409 570 467 mondo,
585 406 611 457 ici
629 408 683 466 est,
695 408 721 455 at
738 407 765 456 ln
785 407 838 456 toto
853 404 950 455 mundo
966 403 1076 454 creditus
1091 401 1116 452 ei
1131 397 1262 452 adoratus.

228 487 391 546 desumptum
411 488 446 533 ert
459 484 487 532 to
503 482 604 545 pierio,
624 479 651 532 ld
670 483 723 540 est,
737 478 807 542 quod
825 479 933 542 denique
953 480 980 528 iu
1001 477 1095 528 coelum
1115 479 1264 538 assumptus

198 551 268 602 sedet
283 551 315 601 ad
330 551 459 601 dexteram
472 551 618 612 Maiestatis.

229 635 388 684 Orsanvrrro
407 645 519 684 soniare
539 645 571 684 ss
593 643 747 684 nocrimen.
760 655 792 668 -—
805 631 849 680 liis
871 627 1050 693 posterioribus
1074 627 1190 676 versibus
1204 627 1263 676 ‚trie

200 702 277 754 simul
288 703 390 754 coniicit
403 702 544 766 Apostolus.

229 785 321 842 Prono.
334 811 367 822 -
383 784 559 846 Timotheum,
576 787 601 835 et
615 783 678 846 alios
699 781 818 834 Ecclesie
836 782 970 830 ministros
986 778 1019 828 ad
1033 790 1080 829 sua
1096 778 1189 827 munia
1205 775 1263 840 pii,

200 851 300 916 exacte,
315 857 340 903 ei
361 857 504 905 reverenter
521 850 636 902 obeunda
654 849 813 910 exstimulat;
831 853 918 910 utpote
932 847 976 908 qui
999 847 1026 894 in
1045 845 1122 896 domo
1144 845 1190 894 bel
1205 855 1264 893 var·

199 927 302 983 santur,
315 926 341 972 et
355 923 399 985 qui
407 919 551 971 ‘immortali
561 919 704 970 seculorum
715 920 781 980 regi,
793 920 820 967 in
829 915 888 968 auia
898 915 1011 978 propriu,
1021 915 1048 962 ei
1058 915 1132 974 quasi
1145 913 1174 962 in
1185 911 1264 962 oeulis

200 993 255 1054 ejus
270 993 425 1042 ministrent.

229 1063 346 1116 Ecclesia·
354 1065 443 1114 eomer
458 1064 505 1116 Dei
517 1063 571 1115 vici
584 1067 621 1115 est
631 1100 638 1124 ,
648 1065 676 1113 iu
689 1061 739 1124 qui
751 1061 857 1112 habitat.
900 1063 909 1078 ·

230 1133 295 1185 luia
304 1131 479 1196 templumque
494 1132 539 1182 Del
556 1136 607 1193 est,
618 1134 646 1182 in
661 1143 712 1194 quo
727 1129 818 1180 coliiur
828 1165 838 1191 ,
849 1130 875 1178 et
891 1129 920 1177 ln
935 1137 986 1189 quo
1002 1125 1082 1175 vitam
1098 1121 1227 1174 celatur
1238 1123 1265 1174 et

201 1201 316 1252 divinam
327 1201 504 1253 accolentibus
517 1201 611 1251 induit.

231 1269 281 1320 vos
294 1283 365 1333 ergo,
379 1271 496 1322 Eccleslre
509 1271 619 1320 ministri
630 1306 637 1330 ‚

227 1338 279 1400 ilui
292 1340 445 1404 principales
458 1342 518 1390 estis
529 1339 659 1390 domestici
673 1335 734 1399 bei,

232 1409 280 1470 Qui
294 1409 387 1470 aulici,
398 1414 425 1460 et
435 1409 545 1461 ministri
558 1411 612 1470 ejus
623 1407 734 1458 visibiles
745 1409 819 1468 estis,

232 1478 281 1538 Qui
292 1477 400 1529 coelestis
411 1482 436 1529 ei
447 1479 540 1529 divine
553 1479 612 1527 vite
625 1477 685 1526 estis
695 1476 898 1537 dispensatorem

232 1547 320 1598 Videte
336 1547 413 1609 quim
424 1545 615 1608 moriennam
632 1543 767 1606 diligenter
783 1547 808 1591 et
824 1541 865 1606 pie
882 1542 1018 1599 vestra‚in
1031 1539 1093 1603 ipsis
1109 1535 1156 1590 liei
1166 1539 1262 1601 oeulis,

196 1617 297 1667 -olieuiis
308 1618 405 1666 munio.

235 1698 361 1748 Saeunoo.
370 1721 403 1733 -
411 1696 572 1749 Timotheum
587 1699 614 1746 et
626 1693 688 1745 aiios
703 1694 832 1744 ministros
841 1731 848 1755 ,
857 1697 930 1757 parat
938 1697 964 1743 et
973 1693 1157 1743 munitccoira
1168 1691 1265 1742 iuturus

198 1765 326 1826 ¹lucereses,
348 1764 380 1818 de
401 1765 494 1827 quibus
513 1766 594 1828 capite
614 1765 728 1824 sequenti
752 1767 855 1812 acturus
877 1767 928 1824 est;
951 1773 1045 1825 eosque
1061 1761 1138 1812 docet
1161 1761 1264 1824 antiqui

203 1834 319 1885 Ecclesiae
333 1834 447 1884 doctrina
462 1835 587 1884 nchtetcs'
601 1844 689 1883 omnes
706 1829 838 1880 debellare.

237 1910 340 1973 Oportet
353 1909 455 1959 lroereeee
468 1921 517 1957 ecce
529 1907 596 1957 :hoo
610 1903 742 1956 meniiesid
753 1905 867 1969 predicti
877 1909 980 1957 sanctus
990 1905 1110 1970 spiritus.

233 1979 267 2030 nt
276 1992 311 2031 ne
324 1981 436 2044 paveatis
445 2016 452 2041 ,
461 1978 580 2029 Ecclesia
591 1977 720 2038 ministri,

233 2048 346 2100 Ecclesia
359 2052 387 2100 ln
400 2049 517 2110 Christo,
531 2048 585 2111 ipsa
596 2047 717 2108 veritate,
728 2045 833 2097 iunduia
841 2050 884 2097 est
890 2065 898 2107 ;
910 2058 962 2096 non
973 2045 1189 2106 commovebitur,
1199 2057 1264 2098 nun-

204 2132 280 2185 quam
292 2119 402 2181 deiciet,
413 2133 456 2170 nec
473 2123 553 2183 porte
564 2117 641 2182 inseri
654 2115 826 2180 prevalebunt
841 2115 961 2166 adoraretis
976 2130 1040 2169 eom.

234 2187 345 2240 Ecclesia
355 2191 382 2239 ln
390 2191 496 2239 veritate
503 2187 616 2247 mndata,
625 2187 739 2237 veritatis
748 2193 782 2236 eet
790 2187 906 2236 columne
912 2190 937 2236 et
943 2187 1068 2247 basls‚seu
1075 2185 1262 2238 fulcimentum.

234 2258 369 2308 Veritatem
383 2258 431 2308 sibi
440 2256 611 2308 concreditum
626 2257 663 2305 sic
674 2255 798 2316 custodit,
810 2258 933 2317 sustinet,
943 2259 968 2306 et
981 2259 1113 2306 conservat
1130 2257 1262 2316 illibatam,

205 2328 234 2374 ui
243 2330 268 2376 ei
277 2338 333 2376 eam
344 2324 475 2387 ostendat,
485 2325 589 2384 doceat,
601 2326 727 2387 protegat,
741 2327 766 2374 et
775 2328 885 2374 tueatur.
1323 2383 1324 2386 Ἴ

236 2394 265 2442 iu
282 2394 365 2443 dubiis
381 2395 482 2454 itaque,
500 2393 593 2441 veritos
612 2392 639 2440 in
654 2390 777 2452 docimii,
796 2395 821 2442 et
840 2393 874 2442 ab
891 2391 1015 2454 Ecclesia,
1028 2394 1144 2444 veritatis
1161 2392 1263 2445 eusicio

204 2461 342 2522 fidissimi,
358 2465 384 2509 et
395 2461 449 2511 hesi
460 2460 620 2519 firmissimi,
634 2461 766 2521 querenda
778 2465 825 2511 est.

235 2529 336 2580 Falsum
349 2539 481 2590 nunquam
493 2528 591 2578 docebit
601 2529 715 2578 cerimiie
728 2529 852 2580 menone.
1323 2581 1324 2588 ,

203 2667 215 2718 f
234 2598 281 2649 Per
291 2602 423 2662 antiquom
440 2597 560 2650 Ecclesia
574 2597 716 2648 doctri-nom
726 2635 734 2660 ‚
746 2611 834 2650 omnes
849 2599 982 2650 hominurn
997 2599 1192 2652 adinventiones
1202 2613 1263 2652 con·

214 2669 361 2720 utebantur.

210 2800 212 2806 ,
237 2751 449 2814 Tenere-Quia
458 2753 538 2805 divini
551 2753 624 2812 Verbi
636 2756 775 2808 incarnatio
782 2753 935 2806 Christiane
950 2753 1077 2816 religionis
1094 2767 1195 2804 summo
1209 2756 1260 2815 est,

204 2822 229 2870 et
240 2820 295 2871 ideb
306 2821 338 2870 ab
349 2819 472 2872 hereticis
487 2821 658 2885 principaliter
671 2823 822 2886 impetenda.
895 2877 900 2887 x

233 2889 298 2940 ilinc
309 2893 459 2953 mysterium
471 2891 534 2941 illud
544 2890 677 2958 Apostolus
688 2892 795 2956 explicet
805 2893 935 2953 distinete,
949 2891 1032 2955 quood
1047 2891 1222 2952 divinitatem,
1237 2896 1262 2945 et
1323 2867 1324 2928 l

203 2957 285 3018 quoad
300 2957 499 3020 humanitatem
510 2963 543 3007 ut
561 2957 625 3020 illud
643 2958 761 3010 Ecclesiae
780 2961 891 3010 ministri
907 2964 931 3010 et
949 2961 1089 3024 expresslds
1103 2960 1226 3021 doceant,
1237 2964 1261 3010 et
1323 2959 1324 3022 l

200 3024 641 3078 eontraiuturoshaeretieosiortitis
654 3035 820 3092 propugnent.
1323 3027 1324 3088 l

197 3132 374 3186 «corollarium
385 3134 501 3196 palmo,
509 3148 555 3186 ceu
570 3136 598 3187 in
610 3136 656 3187 icoc
671 3139 751 3200 capite
765 3142 794 3199 3,
803 3140 840 3190 ud
852 3141 970 3201 piemon
978 3139 1261 3196 nominenominee
1323 3139 1324 3162 ¹

576 3205 611 3254 cd
624 3207 880 3270 preoimredipendo.
1157 3229 1159 3236 ’

232 3301 451 3360 Parum-Omnis
463 3302 506 3353 liei
518 3305 632 3355 minister
641 3343 648 3368 ,
657 3307 688 3356 in
698 3307 936 3370 quocunquagrarlu
951 3309 1118 3370 constitutus,
1128 3309 1173 3358 hlc
1182 3310 1261 3359 aiten-
1323 3307 1324 3364 1

200 3379 257 3424 tum
267 3387 295 3425 se
308 3369 653 3434 reddetApost0103etJuxta
665 3374 777 3426 divinam
788 3379 842 3436 ejus
855 3376 1009 3432 doctrinam.
1021 3377 1135 3432 rcileeiat
1147 3377 1181 3427 ed
1192 3376 1257 3426 duee
1323 3371 1324 3436 l

230 3443 360 3504 Primum,
372 3441 404 3492 ed
418 3441 591 3492 ecclesiasticae
602 3445 764 3505 inspectionis
780 3456 861 3508 enus;
1323 3437 1324 3476 l

232 3513 348 3563 Attendut
359 3523 416 3572 ergo
425 3523 503 3572 quem
513 3521 604 3570 grave,
616 3516 640 3561 et
649 3513 724 3574 quim
737 3513 907 3574 periculosum
918 3517 951 3564 ait
965 3527 1060 3565 munus
1074 3517 1102 3565 in
1117 3515 1180 3565 ulios
1190 3513 1260 3564 inde-

201 3580 313 3630 sinenter
323 3579 453 3642 vigilandi,
463 3577 564 3626 assidue
576 3590 620 3639 pro
632 3591 719 3628 corum
730 3580 810 3630 solute
819 3579 963 3642 laborandi,
975 3588 1000 3631 et
1011 3595 1064 3633 sese
1075 3583 1163 3632 scintis
1173 3593 1258 3632 eorum

201 3657 364 3762 {pelasci-ern,
378 3649 404 3696 et
414 3657 501 3694 coram
515 3644 566 3694 lieo
579 3645 686 3705 vadem,
701 3659 761 3716 cum
774 3660 826 3698 sum
844 3649 931 3700 salutis
942 3653 1048 3713 propriae
1063 3649 1192 3714 periculo,
1203 3647 1259 3699 red-

219 3727 250 3762 en
270 3716 287 3764 i.
300 3728 326 3764 n.
340 3719 361 3764 i.

232 3781 341 3843 Deinde,
352 3783 466 3834 attendat
480 3783 513 3834 ed
532 3783 602 3835 dotes
621 3781 682 3834 huic
697 3785 824 3848 implendo
840 3789 941 3838 muneri
954 3791 1124 3852 necessarias,
1137 3793 1161 3839 ei
1175 3787 1216 3838 hic
1228 3787 1258 3836 nb

201 3849 317 3912 Apostolo
336 3854 482 3913 requisitas,
496 3857 552 3901 turn
563 3864 594 3902 ex
606 3857 676 3916 parte
688 3866 805 3915 morum,
817 3859 873 3905 tuns
885 3869 915 3906 ex
931 3861 1001 3918 parto
1011 3859 1106 3920 ingenii
1116 3894 1123 3918 ‚
1135 3857 1257 3914 scientim

219 3917 345 3977 nonlicet,
357 3923 386 3968 ut
397 3922 430 3969 sii
445 3922 515 3970 omni
531 3923 594 3973 vitio
603 3926 793 3988 vaccumomui
803 3925 896 3980 virtute
911 3928 1076 3991 conspicuus,
1086 3928 1119 3980 sit
1129 3927 1257 3992 sanctitate

201 3990 229 4036 et
245 3987 350 4037 scientie
365 3987 422 4038 eliis
437 3991 570 4058 superior:
1062 3995 1065 4006 ·
1136 4031 1139 4036 .
