2622 4552
292 293 466 349 rnirbnx
484 295 710 352 EXPOSI‘HO.
730 297 814 352 CAP.
834 299 884 351 lx.
1069 301 1122 353 529

65 393 88 440 et
98 401 185 442 aream
196 389 366 444 Testamenti
376 391 497 445 circum·
550 389 611 442 Erat
626 392 661 442 ibi
682 395 707 442 ot
727 392 803 453 Arca,
822 405 898 454 mam
916 397 1008 443 vocant
1033 393 1125 443 Testa.

66 471 154 517 tectam
163 479 197 519 01
211 467 288 520 omni
300 473 378 535 pane
394 481 477 534 auro,
519 461 616 521 menti,
635 461 705 512 intus
719 464 743 510 ot
758 460 819 512 toris
832 473 894 511 auro
910 461 1018 512 obducto
1038 464 1120 526 puris·

519 529 584 578 simo
594 549 600 561 ·

64 586 87 637 iu
110 601 164 654 qua
184 603 256 642 urna
283 603 367 646 aurea
390 591 497 646 babens
549 597 578 647 ln
593 567 645 648 beo
665 596 730 646 Aron
746 601 800 646 eret
823 607 1002 658 urua‘aurea,
1024 602 1051 648 in
1067 611 1117 660 pua

63 675 168 725 manna,
519 666 664 716 servabatur
681 677 795 726 manna;

62 745 86 790 et
95 738 166 807 virga
180 729 273 794 Aaron
289 757 352 810 qnae
364 743 497 800 frondue-
548 754 610 804 Erat
625 760 651 804 et
659 757 731 816 Juxta
745 752 815 805 illam
828 756 897 816 virga
906 753 990 806 Aaron
1003 767 1059 816 qna
1070 757 1119 806 mi·

63 821 111 880 rat,
520 821 632 874 raoulosd
648 822 811 884 fronduerat5

61 900 85 946 es
100 896 198 950 labulae
210 901 377 956 Testamenti
549 891 651 941 Inerant
670 896 757 940 eutem
770 889 827 940 dnae
842 890 995 940 Testamenti
1010 888 1119 950 mbuloe,

379 941 388 968 '
519 961 546 1009 in
557 959 648 1076 onibus
660 959 746 1010 decem
758 966 880 1023 praeeepta
896 959 973 1023 digito
987 959 1030 1008 bei
1046 965 1119 1008 erant

519 1030 592 1077 insen
620 1033 655 1078 te.

92 1105 270 1172 5,supepque
280 1109 496 1162 eameranpche.
548 1097 579 1147 iit
591 1041 664 1160 sflper
676 1099 758 1159 ipsam
771 1097 863 1146 Aream
877 1101 950 1147 erant
960 1097 1011 1146 duo
1024 1095 1117 1145 oberu-

59 1182 144 1235 fubpm
170 1184 273 1251 3105ae
301 1185 494 1240 obumbranti„
517 1167 589 1228 blm,
603 1169 761 1227 majestatem
773 1171 797 1216 et
806 1167 965 1218 divinitatem
981 1169 1102 1229 spirantia

59 1258 291 1324 propnimffium'
518 1238 543 1283 et
556 1236 610 1284 suis
621 1233 668 1283 alis
680 1236 897 1296 propitiatorium,
908 1247 952 1284 seu
966 1235 1035 1284 Aroe
1048 1246 1107 1296 oper

59 1365 90 1418 de
111 1367 213 1432 quibus
231 1379 288 1420 non
301 1373 343 1420 est
356 1370 440 1424 modo
453 1371 496 1424 di·
518 1303 608 1432 01111ὶῖιῖ
615 1302 821 1432 'qffldffilmffi
827 1303 1031 1432 (ebtusffiffigusffus
1044 1369 1117 1432 plena

59 1445 174 1500 cendum
187 1445 367 1514 persingulas.
518 1445 578 1490 sunt
599 1439 728 1500 mysteriis
751 1457 757 1485 ι
780 1437 823 1488 sed
846 1450 956 1500 quorum
986 1436 1118 1501 explicatio

518 1521 570 1559 non
593 1512 632 1558 est
651 1507 730 1568 hujus
750 1504 801 1556 loel
818 1524 826 1555 ε
845 1506 899 1558 hae
915 1508 1026 1570 attigisse
1043 1508 1118 1558 modi

517 1579 619 1629 suffieit.

83 1765 152 1818 Hane
161 1765 355 1830 expilastionem
366 1765 451 1817 bailus
459 1770 484 1817 et
496 1767 627 1818 Cornelius
638 1767 752 1830 dbaplde
763 1767 871 1830 probant
882 1780 912 1816 ex
920 1764 977 1818 aliis
985 1767 1119 1830 Scriptura

56 1835 112 1886 louis
125 1836 170 1886 nbi
184 1838 330 1900 praepositio
346 1837 374 1887 io
390 1837 473 1900 ample
489 1839 613 1900 sumitur,
627 1840 654 1887 et
673 1837 798 1899 algrinum
814 1843 869 1888 mm
881 1849 911 1888 ea
924 1849 981 1899 queo
996 1843 1057 1888 sunt
1072 1841 1116 1893 io,

55 1905 126 1965 quarn
142 1917 173 1956 ea
187 1917 245 1968 quae
258 1909 319 1955 sunt
332 1919 403 1966 oum,
419 1905 460 1956 rel
476 1908 552 1958 urea.

83 1991 105 2040 5.
123 1989 258 2108 Supfflpue
271 2001 336 2040 eom.
347 1988 390 2040 Gr.
405 2001 482 2054 super
492 1993 579 2042 autem
592 2001 657 2042 eam.
670 1989 727 2053 Syr.
739 2002 815 2054 super
825 1991 893 2040 bano
905 1993 1007 2051 autem,
1025 1991 1051 2039 ld
1066 1996 1116 2048 est,

54 2072 136 2109 aream
150 2061 187 2110 so'
209 2061 257 2110 eet.

82 2137 162 2184 Erant
182 2133 318 2184 Cherubim
336 2134 441 2198 pierio,
465 2135 563 2196 idest,
583 2133 698 2197 gloriosi,
721 2133 859 2196 splendidi,
882 2145 926 2182 seu
952 2134 1008 2183 dnae
1028 2134 1118 2196 efligies

53 2202 185 2252 cherubim
196 2205 354 2263 majestatem
370 2205 531 2266 spirantium.

83 2277 272 2328 Obumbroota'o
286 2277 513 2344 propitiatorium,
530 2278 556 2328 id
572 2271 626 2338 e'st,
638 2278 682 2340 qni
698 2279 751 2328 suls
767 2276 815 2326 alls
828 2279 945 2340 expansis
961 2281 985 2327 et
1002 2280 1037 2327 ita
1053 2281 1117 2327 inter

52 2361 76 2397 se
92 2348 235 2406 consertis,
251 2349 281 2396 ut
301 2345 402 2397 dextera
425 2347 465 2397 ala
482 2349 559 2396 unius
579 2348 688 2396 sinistra
712 2346 832 2407 alterius,
848 2353 873 2396 et
894 2349 995 2396 sinistra
1012 2348 1118 2398 dexterae

50 2421 235 2481 jungerentnr;
250 2416 434 2467 obumbrabant
448 2418 671 2481 propitiatorium,
681 2429 725 2466 seu
740 2416 852 2466 tabulam
866 2429 969 2466 auream
982 2429 1038 2477 quae
1054 2429 1117 2466 area*

50 2500 151 2537 sursum
166 2486 317 2536 imminebat
326 2490 352 2536 et
362 2489 416 2536 erat
425 2488 497 2549 qnasi
506 2485 577 2536 sedes
592 2490 617 2536 et
628 2483 735 2535 thronus
749 2485 792 2534 liei
808 2499 887 2536 saroa
905 2486 964 2536 verb
978 2486 1117 2536 scabellum

50 2557 143 2618 pedum
157 2557 230 2615 ejus,
245 2555 281 2603 alt
293 2555 322 2604 b.
335 2553 452 2605 Theium.

79 2630 300 2694 Propitiotorium
319 2627 383 2678 illud
403 2631 439 2679 lta
456 2629 553 2680 dlotum
575 2634 629 2688 est,
651 2631 711 2690 qula
733 2628 799 2678 Deus
821 2641 847 2678 so
866 2628 958 2690 populo
980 2631 1117 2689 propitium

50 2700 212 2760 ostendebat,
229 2699 289 2748 edm
304 2700 443 2762 prasentia
461 2711 513 2755 sna
528 2701 629 2764 signum
640 2698 786 2749 ostendebat
799 2700 866 2747 inter
884 2697 1056 2754 cherubinos,
1074 2706 1119 2744 seu

49 2782 124 2832 super
136 2781 234 2818 aream.

78 2841 117 2890 Er
133 2838 309 2902 propitiatorio
327 2838 394 2888 bens
409 2837 485 2889 dabat
499 2837 601 2889 oracula
618 2857 625 2886 ε
641 2835 703 2888 bino
720 2837 813 2886 dieitur
831 2835 978 2884 oracutum.

77 2917 114 2964 De
127 2913 236 2976 quibus,
249 2911 275 2961 ld
288 2917 341 2974 est,
357 2913 475 2964 omnibus
495 2911 591 2964 seilicet
605 2914 751 2962 memoratis
770 2923 821 2960 non
839 2914 876 2959 est
894 2909 937 2958 bio
953 2908 1023 2957 loeus
1039 2907 1119 2960 insitis

48 2984 188 3048 loquendi,
204 2981 306 3034 iliorum
323 2986 443 3047 mysticas
459 2983 654 3046 significationes
670 2981 816 3045 singulatim
835 2986 860 3031 et
881 2993 925 3043 per
943 2984 1026 3042 partes
1041 2978 1119 3043 expli-

47 3057 131 3106 eando
147 3074 154 3104 a
171 3053 226 3104 bere
242 3053 274 3102 ad
290 3058 405 3104 nostrum
420 3057 565 3105 instltutum
583 3055 694 3117 attigisse
710 3053 809 3103 suffieit.

78 3126 139 3174 limo
158 3122 290 3186 allegoriae
304 3121 464 3186 explicanti)
492 3121 640 3182 insumus,
660 3121 689 3171 D.
707 3121 832 3182 Thomas,
844 3121 975 3184 tyranus,
986 3119 1119 3172 Cornelius

46 3193 182 3257 dLaplde.
1084 3203 1088 3212 ·

77 3275 285 3328 obiissemus
302 3275 459 3336 compositis,
476 3275 502 3324 ld
523 3277 576 3333 est,
593 3274 704 3335 hisquae
721 3275 752 3322 de
770 3273 925 3324 tabernaculi
947 3275 1076 3323 exterioris
1095 3280 1118 3321 et

46 3345 323 3397 interlorts'strueturd
338 3344 388 3413 dixi
399 3381 406 3402 ,
419 3346 453 3393 ita
466 3344 592 3406 dispositis
609 3347 634 3392 et
649 3343 779 3393 ordinatis.

77 3425 110 3472 Iu
123 3421 209 3484 putori
218 3421 318 3482 quidem
330 3417 501 3469 tabernaculo.
513 3417 555 3466 Gr.
569 3419 594 3466 in
606 3417 709 3478 quidem
727 3419 797 3479 prins
808 3415 1011 3467 tabernaculum.
1025 3416 1082 3476 Syr.
1095 3423 1118 3464 et

46 3492 108 3542 verb
123 3491 151 3539 in
166 3487 359 3538 tabernaculum
375 3489 501 3545 exterius,
513 3489 561 3535 etc.

77 3568 203 3626 Semper,
214 3561 241 3610 ld
262 3565 313 3623 est,
324 3561 435 3623 quotidie
448 3579 454 3609 ε
468 3571 519 3610 non
538 3557 615 3608 semel
631 3559 731 3608 tantbm
752 3561 779 3609 in
794 3571 863 3608 anno
882 3558 1022 3609 introibant
1037 3569 1116 3607 socer·

44 3638 126 3685 dotes.

78 3707 279 3771 Sacrificiorum
291 3707 387 3770 officio.
402 3707 445 3756 Gr.
459 3721 502 3758 τας
513 3705 640 3765 tarpeiae,
654 3706 709 3768 Syr.
731 3707 900 3754 ministerium
916 3715 992 3753 suum
1003 3739 1010 3763 ,
1023 3704 1050 3752 id
1065 3710 1117 3762 est,

47 3783 118 3831 ritus
132 3787 218 3827 saeros
234 3781 259 3826 et
274 3775 387 3824 oultnras
402 3775 537 3826 inmuose
551 3775 636 3837 peragi
648 3773 747 3832 solitas,

78 3849 144 3910 Quae
167 3845 200 3894 ad
212 3847 261 3894 tria
279 3841 438 3894 reducuntur
454 3843 590 3893 siucernes
608 3841 762 3902 accendere,
781 3843 893 3889 aromata
909 3837 1023 3900 adolere,
1042 3852 1119 3904 panes

46 3927 195 3983 proponere
209 3917 233 3963 et
244 3917 343 3963 mutare
353 3912 471 3962 sabbatis.

79 3986 179 4046 Porro,
192 3982 300 4034 adolatio
310 3982 409 4043 thuris,
421 3995 466 4034 seu
478 3981 650 4048 thymiamatis
664 3979 769 4042 oblatio,
786 3980 839 4029 erat
852 3981 967 4030 omnium
977 3981 1055 4030 totius
1068 3980 1120 4032 diei

176 4066 219 4112 ni.
934 4049 992 4104 aas
