2622 4552
311 263 485 318 TRIPLEX
503 265 723 320 Expostulo.
744 268 824 320 cui.
844 269 896 319 ix,
1081 266 1132 318 527

430 519 571 592 cliui
594 519 766 594 Notium.

233 683 343 724 'PEXTUS
743 689 927 726 vintruntsis.

166 819 246 858 annin
265 806 379 872 quidem
394 812 421 859 et
433 817 574 922 prius
561 810 672 878 Tronis
689 811 792 865 antem,
812 807 871 866 onia
887 806 939 855 dlxi
954 809 1025 855 vetus
1046 800 1132 855 Testa·

166 882 508 949 musrffioefionmfflpmae
532 817 700 926 Nmsntum
726 876 865 933 interiisse,
884 878 956 936 putot
978 873 1046 935 quod
1068 887 1133 924 vana

71 965 94 1012 el
108 962 240 1014 Sanctum
251 963 387 1014 seculare
534 940 608 992 inerit
625 943 693 993 lilius
707 943 811 1005 religio,
822 945 917 992 etenim
930 941 1053 992 luerunt
1047 953 1074 990 ιιι
1090 941 1132 990 illo

532 1011 597 1062 ritus
609 1018 634 1063 et
642 1012 836 1063 oaeremoniaead
844 1011 961 1062 divinum
969 1011 1067 1062 cultum
1078 1023 1132 1072 per-

531 1080 658 1140 tinentes;
676 1081 724 1130 luit
738 1086 763 1130 at
780 1081 996 1142 Tabernaoulnm,
1012 1085 1131 1130 sanctum

531 1148 648 1208 quidem,
664 1154 692 1199 at
706 1154 853 1210 terrenum,
872 1151 1002 1200 materiale
1023 1155 1048 1199 ct
1065 1153 1131 1198 tom·

531 1229 688 1279 poraneum,
700 1221 727 1268 in
743 1219 810 1280 quod
828 1220 993 1270 conveniebat
1007 1219 1129 1281 populus,

455 1283 461 1303 ¹
533 1288 560 1331 ιιι
571 1285 651 1334 licum
662 1287 785 1335 institutis
795 1287 885 1336 ritihus
897 1286 998 1336 coleret.

100 1352 128 1402 9.
139 1349 361 1404 Tabernaoululm
369 1349 444 1404 enim
452 1349 510 1402 lac·
562 1351 591 1400 ln
602 1351 665 1401 duas
677 1356 762 1414 partes
775 1352 933 1402 dividebatur
947 1353 996 1402 hoo
1007 1353 1133 1402 Taberna·

67 1426 315 1492 tumestprrmum
326 1441 355 1478 ιιι
365 1430 509 1494 quoerant
531 1417 638 1478 culum»
663 1431 773 1481 quarum
798 1422 897 1483 prlma
918 1431 962 1470 ⁸⁶¹¹
986 1432 1043 1482 ιι·ΠΒ
1063 1424 1132 1482 prior

66 1503 239 1566 candelabra
247 1508 274 1556 ep
284 1517 394 1570 mensa,
402 1509 429 1556 et
440 1516 509 1571 pm.
531 1488 681 1549 innonatur,
690 1489 813 1540 Sanctum
824 1489 971 1553 simpliciter
977 1489 1130 1540 vorabatur

96 1697 157 1745 Cau.
169 1694 209 1744 lx,
224 1698 247 1744 1.
258 1691 355 1744 lloiuit
370 1693 471 1756 quidem
486 1699 509 1743 et
522 1693 610 1757 priris,
624 1694 720 1745 scilieet
733 1695 937 1757 Testamentum,
952 1700 981 1746 ιιι
997 1708 1027 1746 ex
1040 1708 1133 1758 praea-

67 1765 183 1816 dentibus
195 1763 352 1824 intelligitur.

92 1834 291 1896 iustificationes
304 1831 417 1881 cultura.
429 1831 472 1882 Gr.
484 1830 572 1882 latrioe.
586 1832 643 1894 syr.
656 1837 779 1896 prmcepta
790 1835 935 1882 ministerii.
950 1831 1023 1881 arab.
1036 1835 1130 1881 statuta

65 1903 216 1962 ministorll,
233 1901 259 1952 id
274 1905 328 1962 ost,
341 1903 406 1952 ritus
418 1906 442 1952 ci
453 1903 615 1951 caeremonlas
628 1902 719 1965 qulbus
732 1902 797 1952 Deus
813 1902 947 1952 coleretur.

92 1975 125 2022 ut
141 1972 264 2022 Sanctum
277 1970 397 2020 semme.
411 1969 455 2020 Gr.
467 1969 584 2030 κοσμικόν,
594 1968 763 2020 mundanum.
774 1970 830 2032 syr.
840 1973 866 2020 ei
876 1970 942 2020 aedes
952 1971 1040 2020 sancta
1052 1981 1131 2018 mun·
1168 2009 1176 2022 .

64 2043 145 2100 dana,
155 2040 183 2090 id
192 2042 459 2102 ost,etsanctuurium
469 2077 476 2101 ,
488 2053 533 2098 sen
547 2041 747 2092 Tabernaoulnm
763 2039 861 2088 duabus
872 2043 991 2090 eonstans
1007 2039 1130 2100 partibus,

64 2126 174 2176 quarum
193 2124 243 2161 una
257 2111 380 2162 Sanctum
391 2109 538 2176 simpliciter
550 2111 688 2162 vomuntur
698 2130 706 2171 ;
718 2109 812 2170 altera,
826 2110 947 2160 Sanctum
963 2113 1110 2158 sanctornm
1123 2145 1130 2169 ‚

64 2184 93 2234 ds
105 2182 201 2246 qulbus
211 2184 306 2231 statim.

91 2253 146 2303 lloe
159 2256 246 2301 autem
257 2251 460 2302 'labemaculnm
474 2251 548 2304 divus
566 2251 660 2302 Paulus
677 2255 752 2302 vocat
767 2251 894 2320 cecoton,
910 2249 1088 2308 mundanum,
1105 2249 1131 2298 iil

63 2328 113 2384 esi,
126 2321 206 2382 hujus
219 2320 298 2371 seonli
309 2325 335 2371 ct
345 2320 449 2382 mnndi,
459 2334 504 2372 seu
515 2326 654 2372 terrenum.
667 2321 853 2384 llooup‘octum,
865 2320 941 2383 huius
952 2326 1053 2370 terreno
1064 2331 1132 2368 creo-

63 2392 152 2448 tiom's,
165 2393 196 2438 ιιι
209 2389 271 2440 lllnd
280 2390 441 2452 distinguam
450 2389 621 2440 Tabernaoulo
633 2393 656 2441 et
669 2391 816 2442 Sanctuario
826 2403 898 2451 vero,
910 2403 962 2440 nou
976 2387 1130 2448 monstroso,

63 2474 113 2510 ooo
127 2459 207 2522 huius
221 2459 369 2518 creationis,
382 2458 413 2508 (le
430 2460 519 2521 quoin
536 2471 591 2522 cap.
604 2463 636 2518 8,
649 2472 676 2507 n.
689 2461 704 2507 2
718 2463 743 2508 et
757 2460 785 2508 ln
798 2458 847 2508 hoo
862 2473 889 2508 ιι.
908 2462 946 2508 ιι.

90 2530 173 2579 Divus
189 2527 382 2590 chrysostomus
395 2527 512 2588 κωμικὸν,
522 2543 565 2580 seu
588 2529 750 2580 mundanum
769 2527 962 2580 tabernaculum
979 2527 1060 2580 voluit
1077 2543 1131 2580 esse

61 2602 160 2652 atrium
171 2602 231 2648 ante
244 2599 337 2648 ostium
350 2597 515 2648 Tabernaouli
528 2600 574 2650 sub
588 2599 644 2658 dio,
659 2601 686 2648 ln
698 2611 748 2660 quo
760 2602 813 2650 orat
826 2597 904 2650 altare
915 2599 1130 2656 holocaustorum,

61 2669 131 2732 quod
145 2665 259 2718 seculare
271 2670 296 2716 et
307 2667 467 2718 mundanum
477 2669 611 2718 vocabatur
625 2668 657 2716 ab
668 2667 801 2730 apostolo.
816 2671 876 2730 quia
888 2669 914 2717 in
927 2667 990 2717 illud
1000 2665 1111 2717 Gentiles
1122 2705 1129 2726 ,

61 2751 107 2788 seu
123 2736 267 2796 mundani,
278 2741 394 2798 poterant
409 2737 513 2786 introire
523 2774 531 2797 ,
543 2736 586 2786 sod
604 2736 636 2785 ab
648 2735 705 2784 allis
720 2738 825 2796 negatur
841 2735 889 2784 hoo
905 2735 941 2784 ias
953 2734 1029 2784 inisse
1042 2733 1130 2784 Genti-

62 2807 141 2858 libus.
153 2805 274 2855 Videatur
284 2805 383 2864 listins,
395 2803 525 2856 Cornellus
538 2807 553 2853 a
568 2804 668 2867 Lapltle.

91 2877 140 2926 llis
151 2877 237 2937 ltaque
247 2876 330 2926 verbis
340 2873 466 2936 significat
476 2874 609 2937 Apostolus
617 2875 703 2923 omnia
710 2875 737 2923 in
748 2871 890 2939 lege-veteri
902 2871 978 2922 luisse
989 2872 1129 2933 mundana,

60 2953 245 3010 temporanea,
255 2945 349 2995 cadum
361 2949 387 2994 et
399 2945 498 3008 typica:
511 2947 538 2994 lu
550 2943 660 2994 Ecclesia
674 2943 734 2992 vero
746 2943 837 2994 Christi
848 2944 934 2992 omnia
945 2955 998 2992 esse
1010 2942 1128 3002 colestia,

61 3022 178 3076 aeterna,
192 3025 252 3064 vora
269 3019 295 3063 et
307 3013 395 3064 solida.

93 3103 122 3149 2.
145 3095 348 3148 Tobmtcculum
366 3095 431 3144 euim
451 3095 546 3159 sactum
566 3102 601 3146 ιιι
618 3097 763 3158 primum...
784 3095 828 3145 Gr.
843 3095 1042 3146 'sabernaculum
1060 3097 1130 3146 enlm

61 3171 219 3234 apparatum
234 3169 272 3216 est
284 3169 406 3228 primum.

95 3235 214 3300 Explicat
226 3235 334 3286 formam
348 3233 416 3284 illius
430 3237 580 3294 sanctuarii,
594 3233 668 3296 qualo
679 3238 733 3284 erat
749 3233 841 3296 lloysis
854 3238 974 3296 tempore.

100 3310 305 3362 Taberooculum
318 3310 445 3372 primum,
457 3309 484 3358 id
500 3313 551 3368 est,
569 3312 651 3372 prima
668 3322 725 3370 pars
739 3308 914 3366 tabernaculi,
930 3319 974 3356 seu
993 3318 1049 3368 onai
1062 3309 1131 3367 prior

63 3379 220 3439 intrabatur,
230 3381 379 3428 otsanetum
388 3377 536 3439 simpliciter
547 3377 693 3436 vocabatur,
701 3379 737 3425 sio
747 3380 893 3426 constructa
903 3379 928 3424 et
939 3375 1057 3436 disposita
1067 3379 1130 3420 erat.

97 3457 129 3504 ln
144 3467 194 3516 quo
213 3459 283 3502 erum
299 3451 467 3508 candelabro,
484 3450 509 3498 id
525 3454 577 3508 est,
595 3451 622 3498 in
636 3461 665 3498 eo
681 3453 735 3497 erat
755 3447 933 3498 candelabrum
949 3448 1087 3508 centiceps,
1100 3449 1127 3494 in
1195 3447 1198 3458 ’

63 3537 118 3587 quo
137 3526 234 3585 septem
251 3521 379 3570 lucernae=
398 3519 459 3568 hinc
482 3517 634 3567 caudelabra
656 3518 761 3576 dicitur,
778 3517 837 3566 licet
857 3516 1082 3574 unicum31evera
1102 3517 1128 3562 in

64 3597 156 3645 Graeco
173 3589 362 3640 condelabrum.

98 3669 131 3717 m
148 3678 247 3720 musso,
262 3669 285 3711 et
298 3663 447 3724 propositio.
467 3661 523 3722 Syr.
543 3665 569 3710 et
583 3673 686 3718 mensa,
705 3665 730 3707 et
745 3659 818 3719 panis
838 3655 975 3716 facierum,
997 3657 1022 3705 id
1038 3660 1088 3713 est,
1107 3660 1131 3705 et

65 3747 173 3794 mensa,
185 3737 211 3783 et
224 3729 358 3782 duodecim
370 3732 397 3778 ln
411 3741 439 3778 ea
450 3742 528 3792 panes
539 3731 630 3790 positi,
642 3727 684 3787 oiri
701 3725 855 3774 vocabantur
867 3725 1060 3785 propositionis,
1071 3725 1131 3785 quin

67 3805 231 3868 ponebantur
242 3803 301 3848 ante
311 3795 465 3858 Dominum
459 3805 500 3846 et
515 3811 593 3859 ponec
612 3796 749 3858 inermum,
763 3795 821 3854 qnia
842 3797 900 3842 ante
913 3793 1004 3842 taciem
1017 3791 1131 3850 Domini,

66 3885 114 3924 seu
127 3876 188 3922 ante
199 3870 291 3919 taciem
308 3877 381 3917 arcae.

104 3943 148 3994 lsti
168 3949 249 4003 panes
267 3928 338 3984 crant
356 3936 436 3996 azymi
458 3933 605 3992 duodecim,
622 3933 687 3980 sieut
704 3929 836 3979 duodecim
854 3927 951 3990 tribus,
965 3932 1018 3979 seni
1036 3941 1065 3978 ao
1078 3931 1130 3978 sent
