2622 4552
181 340 234 390 tui
475 329 681 391 EPISTOLAE
700 335 748 388 io
766 329 955 385 HEBRAEOS

181 430 411 484 amortuisiesum
422 432 695 494 consummatarum
707 428 778 480 illurn
801 428 898 482 eduxit
921 428 957 481 de
976 424 1095 480 mortuis
1105 431 1244 492 pastorem

181 507 306 564 pastorem
325 505 411 553 ortum
428 503 615 566 spiritualium,
636 513 699 563 quas
714 500 779 550 San·
802 519 933 572 magnum
945 503 1054 563 ovium,
1066 504 1096 555 in
1110 501 1243 568 sanguine

181 578 256 636 guine
269 588 314 625 suo
334 575 443 642 redemit¹
465 579 490 625 et
505 577 599 638 pasctt,
612 585 661 636 quo
678 571 706 622 ‘et
721 571 779 622 'i'es-
802 582 971 636 Testamenti
1006 581 1117 644 apeme,
1148 580 1241 632 pomi.

182 649 325 694 iumentum
339 656 434 693 novum
450 648 476 694 et
493 653 615 696 eternum
626 643 751 701 saucivit,
801 673 869 719 num
891 665 1019 712 nostrum
1041 660 1136 711 Jesum
1154 655 1242 710 epu-js.

802 740 879 797 tum,

185 827 187 832 ’
213 826 296 884 oeus,
315 828 437 887 inquam,
459 836 504 875 vos
525 823 638 886 perficiat
662 824 689 872 in
709 823 778 872 omni
835 809 1239 876 21·Auteivosin0mnibono‚

182 905 257 955 opere
272 892 354 952 bono,
369 893 488 952 vobisque
506 895 606 953 praestet
624 895 652 940 ut
666 889 779 940 divinam
802 894 831 940 ut
846 888 952 942 faciatis
973 889 1035 956 ejus
1053 890 1240 940 voiuntatemr

181 963 237 1020 eius
246 959 402 1010 voluntatem
414 962 584 1018 exsequentes,
594 956 694 1006 iacietis
704 969 778 1020 opera
801 966 906 1022 faciens
917 965 947 1020 in
958 967 1040 1019 vobis
1049 965 1128 1033 quod
1141 966 1242 1030 placeat

182 1031 228 1090 ipsi
243 1028 365 1089 placentia
382 1039 425 1089 per
447 1027 538 1075 merita
552 1024 611 1075 iesu
624 1024 718 1074 Christi
733 1024 778 1075 iiiii
801 1057 896 1097 coram
908 1057 952 1106 se,
968 1058 1019 1109 per
1035 1047 1133 1098 Jesum
1151 1042 1242 1096 Chris,

182 1099 235 1155 sui,
249 1097 290 1145 cui
304 1099 396 1145 eterna
408 1096 441 1145 sit
451 1093 538 1156 gioria.
802 1128 861 1174 mm
874 1138 882 1175 :
895 1121 942 1174 cui
953 1127 995 1174 est
1008 1121 1096 1189 gloria
1112 1121 1141 1172 in
1152 1122 1240 1174 secula

803 1199 971 1252 seculorum.
983 1201 1082 1252 Amen.

211 1284 317 1335 Obsecro
343 1287 429 1335 autern
453 1295 513 1343 ros,
539 1281 645 1344 hatten
666 1286 697 1334 ut
718 1282 779 1332 honi
835 1279 880 1329 22.
894 1277 972 1342 Rogo
994 1282 1088 1332 autem
1110 1279 1175 1338 ros,
1190 1275 1242 1329 ira·

181 1353 280 1405 ducatis
300 1353 367 1403 hanc
382 1366 465 1403 meam
488 1351 618 1415 epistolam
638 1351 780 1402 consolato-
803 1359 872 1419 tres,
885 1358 917 1406 ut
930 1353 1244 1407 sufferatisverhumso-

182 1429 246 1476 riam
258 1425 334 1476 simul
343 1429 369 1474 et
379 1425 583 1474 exhortatoriam.
593 1423 685 1485 Scripsi
693 1425 780 1486 paucis
802 1431 1244 1500 lam,Etenimperpaucisscfjpsi

181 1494 336 1544 considerata
357 1493 478 1554 materia,
495 1497 524 1542 ut
541 1495 601 1555 qut,
613 1495 678 1541 sicui
690 1505 778 1555 spero,
802 1510 893 1563 vobis·

181 1577 226 1613 ros
247 1565 316 1613 hrevi
337 1567 384 1613 sim
407 1565 523 1623 visurus,
541 1567 567 1612 et
585 1565 644 1612 viro
664 1574 779 1612 sermone

181 1632 243 1683 huic
256 1633 371 1682 brevitati
383 1631 552 1694 suppleturus.

212 1699 318 1759 Scitote,
335 1703 361 1748 ci
375 1698 480 1761 gaudete
501 1710 617 1759 mecum,
635 1700 702 1760 quod
722 1699 780 1750 cha·
836 1695 1245 1763 25.Cognosciteiratremnos-

181 1771 297 1819 sissimus
309 1767 386 1819 irater
398 1772 481 1820 noster
495 1768 641 1818 Timotheus
653 1771 686 1818 sit
697 1769 712 1818 ε
723 1771 781 1818 vin·
803 1779 876 1828 trum
888 1774 1066 1828 Timotheum
1078 1776 1222 1828 dimissum
1236 1793 1245 1829 ι

181 1836 371 1898 1111110111115
388 1850 449 1888 111111
461 1847 508 1898 ffl·
523 1837 545 1884 ⁸¹
563 1834 614 1885 01ῑῦ
629 1836 730 1886 κῶθῐῖῑ
747 1836 780 1886 ad
802 1867 866 1907 cum
889 1866 946 1919 quo
960 1850 1004 1921 (si
1020 1851 1140 1906 ceieriirs
1159 1867 1247 1906 vene-

181 1918 222 1956 11111
232 1942 242 1967 2
253 1917 297 1956 V⁰⁸
310 1908 428 1957 lssilssflffl·
804 1929 877 2000 rit),
891 1929 1065 1983 vinctiones.

216 2115 266 2174 Qui
286 2115 373 2164 educit
392 2115 422 2162 oe
440 2113 548 2162 mortuis
564 2117 692 2175 portarem
712 2127 834 2176 mecam
852 2113 955 2172 mum,
975 2112 1002 2162 id
1023 2116 1080 2174 est,
1099 2115 1144 2174 qui
1162 2113 1248 2164 iesum

181 2183 310 2234 christum
320 2183 335 2232 t
346 2183 453 2232 mortuis
464 2183 595 2231 suscitarit
604 2194 741 2244 ‚magnum
750 2182 823 2232 iilum
831 2182 959 2232 Pastorem
969 2182 1058 2231 orium
1066 2181 1247 2244 spiritualium,

182 2253 208 2301 id
222 2256 271 2312 est,
282 2252 424 2314 Principem
434 2255 577 2314 pastorum,
590 2252 664 2310 cujus
677 2264 765 2301 omnes
776 2252 819 2300 aiii
831 2255 891 2301 suot
901 2252 1000 2300 vicarii.

213 2329 241 2376 ia
251 2327 382 2388 seneciae.
395 2325 450 2388 Syr.
465 2337 509 2386 per
522 2327 690 2387 monnicam,
704 2325 730 2374 te
743 2328 796 2385 est,
804 2329 930 2388 pastorem
941 2326 1029 2374 ovium
1041 2337 1088 2387 per
1100 2329 1249 2387 sanguinem

182 2409 258 2443 suum
268 2431 275 2453 ,
287 2407 331 2443 seu
342 2406 418 2456 quem
433 2393 521 2442 eiiuuit
534 2405 577 2455 pro
589 2393 677 2442 ovibus
687 2395 754 2454 suis,
766 2406 810 2443 seu
822 2406 886 2455 ques
900 2395 982 2456 pascit
995 2395 1121 2456 sanguine
1131 2407 1189 2443 suo.

216 2467 361 2516 Testamenti
371 2468 456 2516 atesi
466 2504 472 2522 ‚
483 2473 507 2515 et
518 2478 560 2534 per
571 2478 646 2528 quern
655 2469 762 2518 sancivit
771 2479 867 2518 novum
879 2470 904 2517 et
912 2470 1036 2516 aeteruum
1047 2467 1249 2526 Testamentum,

184 2550 229 2586 seu
243 2535 310 2598 quod
321 2535 421 2586 durabit
432 2547 510 2597 usque
521 2534 554 2584 ad
565 2534 642 2585 tinem
651 2536 752 2588 mundi.

211 2627 251 2674 2¹.
265 2627 404 2687 spartace,
416 2625 502 2685 idest,
514 2623 593 2685 Deus,
607 2625 726 2686 inquam,
738 2623 784 2674 sut
794 2623 874 2686 gratia
886 2635 931 2674 sos
942 2623 1030 2674 reddet
1043 2627 1127 2687 aptos.

210 2702 239 2750 ia
256 2699 325 2748 omar·
340 2699 416 2757 beaw,
430 2698 455 2748 td
467 2702 518 2760 est,
529 2698 649 2748 etiamne
661 2698 759 2748 bouum
770 2710 842 2762 opus.
852 2698 909 2761 Syr.
921 2701 975 2761 ipso
994 2711 1039 2748 vos
1052 2699 1181 2762 periectos
1193 2703 1251 2753 reo·

132 2799 137 2810 -
180 2769 224 2822 dat
233 2773 261 2821 in
272 2769 342 2818 omni
356 2780 429 2830 opere
440 2767 516 2820 boue.

212 2839 589 2908 Uticetcttsejusooiuatctem,
600 2842 688 2903 idest,
698 2846 728 2892 ut
742 2844 913 2904 exsequamini
923 2843 991 2904 quod
1005 2843 1021 2892 a
1034 2843 1110 2894 robis
1121 2845 1249 2896 ruitiieri.

210 2919 314 2970 Fucens
326 2918 354 2967 ta
367 2916 452 2976 ooth,
466 2928 510 2978 per
527 2927 602 2965 suam
612 2915 706 2966 scilicet
717 2917 909 2979 inspirationem
924 2920 950 2964 et
962 2919 1172 2979 cooperationem
1183 2939 1190 2979 ;

213 2994 286 3053 osiaci
302 2991 401 3055 piccect
416 2989 501 3039 eorem
520 3001 554 3039 ec.
571 2987 615 3039 Gr.
632 2988 697 3038 hene
713 2987 837 3052 placitum
850 3001 936 3040 eorem
948 3001 985 3040 se.
1000 2990 1057 3053 Syr.
1070 2992 1141 3054 queo
1155 2993 1251 3043 honum

180 3066 218 3112 est
228 3063 334 3113 eornmi
366 3072 390 3109 o.
934 3097 937 3105 .

209 3131 276 3180 licus
287 3073 379 3180 crciffir
389 3128 472 3179 faeere
488 3129 527 3189 id,
542 3131 617 3190 cuius
627 3127 735 3179 faciendi
750 3128 921 3190 deigratiam.

210 3207 262 3256 Per
267 3205 354 3254 iesum
366 3203 502 3261 chistum,
511 3203 537 3253 id
546 3204 593 3262 est,
600 3214 645 3265 per
654 3204 745 3252 merita
756 3201 815 3252 iesu
823 3200 968 3252 curisttoitt
979 3204 1028 3264 sut,
1036 3204 1080 3254 cas·
1088 3209 1124 3254 eet
1132 3203 1249 3266 olom...

210 3297 250 3346 22.
262 3295 331 3356 iicpo
346 3295 430 3342 ouum
441 3303 499 3349 cos,
516 3290 623 3355 fratres,
637 3296 666 3339 ct
679 3287 755 3352 (ticet
768 3300 820 3339 uon
833 3291 867 3338 sit
881 3293 934 3339 tam
945 3293 1028 3340 vester
1040 3291 1121 3353 quam
1133 3294 1250 3354 gentitun

179 3360 345 3500 Αρὲῑῐὲἕῖιῗῖἰε
365 3434 470 3486 seham
492 3434 591 3492 sotem,
612 3433 639 3482 td
657 3437 709 3494 cst,
730 3436 799 3495 grato
815 3435 902 3494 umen
921 3434 1010 3484 animo
1031 3401 1164 3498 recipiatis
1182 3435 1251 3485 hanc

180 3507 310 3571 epistulam
323 3504 517 3554 exhortatoriam
532 3501 608 3552 simui
620 3507 645 3552 et
657 3502 857 3553 consolatoriam.

209 3581 307 3631 Eunias
321 3579 484 3642 perpaucis...
499 3574 542 3626 Gr.
554 3588 599 3638 per
620 3576 705 3626 brevis
721 3577 779 3626 mist
798 3576 885 3635 vohis,
897 3576 924 3625 id
936 3578 992 3636 est,
1005 3579 1144 3640 perpaucis
1164 3580 1251 3628 consi-

179 3651 267 3701 derati
280 3649 403 3708 materie,
414 3647 502 3709 scripsi
513 3645 601 3708 vohis,
611 3659 645 3695 nc
659 3645 798 3708 fatigarem.

209 3735 248 3783 23.
269 3730 420 3794 evanescas,
433 3729 522 3789 idest,
535 3729 624 3778 scitote
635 3731 660 3777 et
673 3729 926 3790 cognoscitemscum
941 3726 1048 3790 fratrea
1065 3735 1187 3780 mmm
1208 3730 1250 3778 rt-

180 3799 307 3849 mctiteum
325 3798 465 3848 dimissum.
477 3796 520 3847 Gr.
540 3796 693 3848 absolutum.
708 3796 765 3859 Syr.
778 3795 890 3846 solutum
903 3806 971 3856 esso,
989 3795 1087 3846 scilicet
1098 3798 1113 3846 a
1124 3797 1249 3847 vinculis.

210 3867 342 3928 ignoratur
352 3867 397 3917 ubi
411 3866 488 3917 iuertt
498 3869 526 3916 in
536 3865 646 3916 vinculis
662 3884 669 3916 c
686 3864 765 3928 aliqui
777 3866 974 3926 interpretantur
989 3864 1125 3916 dimissum
1136 3867 1171 3916 ab
1181 3868 1251 3915 ami-

180 3936 235 3990 cis,
249 3933 263 3980 i
277 3936 397 3995 negotiis,
412 3935 503 3996 quihus
516 3933 682 3985 deflectantur.
924 3968 925 3972 1

217 4005 247 4055 st
259 4005 361 4056 echites
369 4009 469 4058 venuit.
481 4007 536 4058 Non
546 4013 599 4060 eret
607 4013 670 4060 tunc
680 4021 737 4058 cum
745 4007 832 4058 Paulo.
842 4007 869 4060 St
881 4005 1156 4071 circumornatus,
1169 4007 1250 4070 ires,
