2612 4542
189 273 240 323 ito
396 266 527 320 l’lllldAE
546 259 750 316 EPISTOLAE
768 259 817 312 ab
836 254 1068 310 Tilioilitiitit

216 363 251 412 ite
263 359 326 422 utto,
340 363 365 410 et
376 363 430 411 stne
441 360 555 410 examine
568 358 676 420 praeuio,
690 365 782 404 manns
839 355 884 406 22.
895 354 990 404 Manus
998 349 1059 402 'cito
1074 341 1183 400 nemini
1194 345 1248 398 im-

186 433 306 492 eulquam
321 431 436 492 lmponas
446 466 452 488 ,
464 441 497 478 ne
507 430 532 477 te
545 428 707 488 peecatorum
720 421 783 472 alle-
805 431 942 499 posueris,
953 443 1046 496 neque
1058 426 1249 480 communica.

188 510 278 548 ¹¹⁰¹¹¹¹¹¹
290 496 379 546 ‘⁰⁶³'ss
393 497 552 558 mmmm·
806 509 877 562 veris
890 505 1010 574 peccatis
1021 504 1130 557 alienis.

217 594 252 644 Te
271 597 369 644 eastum
388 605 469 644 servs.
487 593 523 642 lle
538 595 668 656 propterea
687 601 783 640 meram
840 588 885 638 23.
909 585 1039 650 Teipsum
1057 585 1168 635 eastum
1185 594 1249 633 ous-

187 663 290 725 posibue
302 663 374 713 bibus
387 675 478 723 squam
487 681 494 722 3
509 661 626 711 aeduino
643 665 714 709 utere
727 672 784 708 mo·
807 662 875 716 todi,
896 662 956 715 Noli
977 660 1069 713 adhuc
1084 671 1190 724 aquam
1209 658 1249 709 pp.

188 729 243 780 dieo
255 733 281 779 et
294 729 358 779 bene
373 729 469 789 diluto,
489 731 590 790 propter
605 726 729 777 stomachi
746 727 784 776 tul
807 742 873 794 bere
895 739 944 792 sed
955 738 1068 791 modico
1080 737 1148 789 vino
1161 741 1245 798 urere,

150 805 152 810 ’
188 796 378 858 infirmitatem,
398 801 424 846 et
446 795 510 845 alias
528 795 620 856 quibus
642 794 785 856 frequenter
807 779 920 884 pmp'te,
938 814 1114 868 stomachum
1127 818 1207 866 tuum
1222 819 1248 866 ei

187 866 293 916 limi·
807 894 966 960 trequentes
985 896 1048 944 tuas
1064 888 1246 942 infirmitates.

217 971 325 1032 Quidum
341 972 402 1021 sunt
412 969 529 1018 homines
541 979 650 1030 quorum
666 971 784 1030 peooata,
841 972 886 1022 aa,
902 966 1092 1031 Quorumdam
1104 965 1247 1018 hominum

189 1047 246 1089 ante
257 1040 423 1102 quodcunque
432 1050 535 1087 examen
547 1042 572 1086 et
580 1035 715 1098 judicium,
726 1040 786 1086 sunt
808 1051 921 1112 peccata
930 1043 1075 1097 manifesta
1087 1048 1156 1095 sunt
1163 1081 1171 1109 ‚
1184 1053 1248 1108 μω.

190 1249 215 1298 iti
228 1251 283 1308 est,
299 1259 346 1297 neo
358 1260 402 1310 per
414 1247 534 1296 affectum
547 1248 574 1299 in
584 1245 667 1304 bane,
678 1243 719 1294 rel
735 1243 805 1294 illam
816 1249 913 1310 partem
926 1243 1030 1294 inclinet
1040 1257 1101 1304 ,seu
1115 1243 1182 1293 nihil
1195 1257 1248 1306 pro-

189 1320 308 1382 pensione
319 1317 395 1368 laeiat
406 1320 434 1366 in
448 1319 563 1378 gratiam.

219 1389 310 1450 Quanti
325 1387 401 1437 relert
414 1387 480 1447 justo
491 1385 619 1448 Judioarel
630 1389 656 1436 ei
671 1386 747 1448 quim
757 1383 927 1448 perleulusum
943 1384 1113 1446 praeuooupari
1123 1381 1246 1442 iudicem,

188 1457 228 1507 vel
243 1457 324 1506 alliolt
337 1455 397 1506 culm
408 1456 509 1506 divinus
520 1453 652 1517 Apostolus
665 1454 828 1504 Timotheum
841 1466 918 1502 suum
928 1455 984 1502 tam
994 1451 1160 1501 vehementer
1171 1452 1248 1501 obtes-

188 1530 256 1576 tetur
271 1529 301 1574 ut
313 1526 448 1585 utrumque
466 1525 544 1582 vitet,
557 1526 582 1570 et
595 1521 690 1582 iudicet
703 1521 784 1582 aque.

220 1598 248 1644 ln
265 1593 389 1642 Timothei
404 1595 490 1641 autem
503 1591 610 1652 persona
633 1603 721 1640 omnes
737 1592 842 1640 instruit
857 1592 984 1654 episeopus
1000 1591 1025 1638 et
1040 1586 1174 1651 praelatos,
1190 1601 1248 1650 quos

189 1666 300 1713 minatur
315 1662 359 1710 liei
373 1661 550 1723 omnipotentis
564 1661 621 1718 iras,
631 1659 723 1708 Christi
736 1660 829 1720 iudleis
846 1659 963 1708 vindlelae
972 1694 979 1718 ,
988 1657 1137 1720 angelorum
1151 1663 1248 1706 saneto·

188 1746 247 1784 rum
259 1731 452 1792 indignationis,
463 1729 513 1778 nisi
530 1739 556 1776 se
568 1727 666 1788 iudices
680 1739 763 1790 aequos
776 1728 911 1792 prebeant.

221 1823 262 1872 22.
276 1821 365 1870 Hesus
377 1817 456 1868 cito...

218 1888 363 1948 Timotheo,
374 1891 399 1938 et
412 1887 468 1937 aliis
479 1888 602 1950 episeopis
612 1899 675 1950 quos
684 1888 846 1948 representat
856 1885 1017 1945 Timotheus,
1030 1887 1186 1946 imperatae
1202 1883 1246 1932 elib

189 1962 276 2009 sisino
286 1957 506 2007 seriomeritorum
522 1955 636 2005 examine
646 1956 765 2016 cuiquam
775 1967 867 2004 manus
882 1955 994 2016 imponet
1010 1955 1038 2000 ui
1052 1951 1126 2002 illum
1139 1953 1245 2010 ordinet,

189 2035 240 2080 sive
253 2032 280 2078 in
295 2029 440 2090 episcopum
450 2062 457 2086 ,
467 2026 519 2074 sive
531 2027 558 2074 in
569 2025 757 2086 presbyterum,
773 2027 825 2073 sive
839 2025 867 2072 in
883 2022 1035 2082 diaconum,
1048 2035 1080 2072 ne
1096 2022 1246 2084 praeolpiiati

189 2097 349 2157 indignorum
360 2095 533 2154 ordinatione,
544 2105 597 2143 sese
607 2097 770 2165 poeoniorum
780 2090 921 2141 alienorum
933 2089 1020 2141 reddat
1029 2093 1190 2154 participem.

219 2165 287 2214 idem
305 2163 410 2224 intelligi
426 2166 508 2224 potest
525 2161 556 2210 de
572 2161 731 2210 eonlessariis
747 2159 863 2221 indignos
876 2159 1078 2218 absolventibus,
1096 2163 1122 2208 et
1140 2159 1171 2208 tls
1187 2159 1245 2208 lueto

190 2233 268 2294 aliqui
286 2235 323 2282 sle
338 2231 536 2280 intellexeruni=
553 2229 639 2278 revera
654 2232 740 2278 manen
756 2229 787 2278 de
802 2228 960 2278 ordinatione
980 2227 1172 2288 intelligendum
1192 2241 1245 2277 curu

189 2304 281 2352 sanetis
296 2301 408 2362 patribus
420 2305 445 2349 et
455 2298 642 2361 interpretibus.

219 2370 265 2418 litu
279 2367 444 2430 explorandus
463 2372 501 2417 esi
516 2369 560 2428 qul
580 2367 716 2428 pratiatur
733 2368 805 2431 aliis,
820 2380 853 2419 ue
863 2406 870 2429 ,
881 2369 903 2418 sl
918 2367 985 2430 quod
1002 2368 1094 2418 habeut
1112 2371 1204 2418 vitium
1219 2370 1244 2417 in

189 2439 302 2486 doctrina
312 2474 319 2497 ‚
331 2440 375 2485 aut
389 2439 416 2485 in
432 2436 559 2496 moribus,
570 2437 597 2485 ln
614 2436 695 2498 oulpae
711 2442 808 2499 partem
824 2441 908 2488 veniat
925 2438 993 2488 illius
1008 2437 1151 2489 ordinator.

219 2505 305 2554 bleriio
320 2503 364 2553 hle
377 2503 497 2567 appllearl
515 2508 596 2566 potest
609 2504 676 2565 quod
692 2505 754 2554 dixit
769 2505 883 2556 Christus
897 2525 903 2556 ι
917 2507 998 2556 Nolite
1011 2506 1136 2568 projicere
1149 2520 1245 2566 marpa-

190 2575 253 2624 ritoe
270 2579 326 2624 oute
337 2587 443 2636 porcos,
456 2573 557 2624 ordines
569 2575 677 2638 impuris
689 2577 714 2624 et
727 2576 822 2638 ignaris
837 2574 1000 2636 conterendo,
1009 2587 1120 2637 auorum
1136 2577 1244 2638 indignus

189 2655 215 2692 se
228 2645 374 2707 reputarent
389 2642 480 2706 angeli.

223 2727 338 2788 Teipsum
355 2732 452 2776 eastum
468 2725 573 2777 custodi.

218 2795 321 2846 Castum
333 2797 359 2844 et
373 2795 618 2857 irreprehensibilem
633 2797 731 2846 invenit
745 2793 819 2846 illum
832 2794 980 2858 Apostolus,
994 2799 1019 2845 et
1034 2796 1171 2846 ordinavit.
1186 2798 1243 2846 ilina

189 2867 243 2915 ait:
260 2866 359 2914 Castum
372 2871 394 2914 te
406 2878 479 2914 seruo
489 2869 514 2913 et
523 2865 729 2924 immaculatum,
741 2869 770 2914 ut
782 2864 887 2926 scilieet,
903 2867 1017 2928 juvenis,
1028 2869 1109 2928 possis
1120 2879 1192 2916 senes
1201 2869 1243 2914 iur-

189 2934 293 2995 pudieos
303 2945 420 2993 arguere,
434 2937 460 2981 et
472 2935 500 2982 in
516 2946 558 2982 eos
569 2933 756 2996 indeclinabilia
769 2945 883 2984 exercere
898 2935 1002 2994 judicia.

219 3023 258 3070 ²3.
273 3019 332 3068 Noli
343 3020 426 3070 adbuc
436 3033 560 3081 uquam...
573 3020 616 3068 Gr.
629 3031 661 3068 ne
677 3020 794 3082 ampllhs.
807 3022 863 3084 Syr.
875 3035 907 3072 ne
918 3023 1031 3084 posthae.

219 3088 316 3206 lddest‚
328 3101 360 3205 ng
373 3091 504 3150 propterea
514 3089 585 3137 bibas
597 3088 701 3151 posthae
711 3102 805 3151 aquam
819 3104 916 3140 meram
927 3128 933 3152 ,
946 3105 1003 3141 eum
1014 3095 1086 3142 iunio
1097 3092 1242 3143 valetudinis

192 3159 239 3208 tuas
269 3158 338 3218 lspen
357 3159 398 3218 iu;

220 3232 270 3282 Sed
287 3231 384 3280 modico
399 3232 459 3281 uiuo
474 3236 558 3290 utere,
577 3231 604 3281 td
616 3237 670 3294 est,
683 3236 743 3284 vino
764 3235 827 3284 bene
842 3233 938 3296 diluto,
957 3239 1058 3298 propter
1073 3238 1195 3286 stomachi
1209 3236 1240 3285 tol

188 3301 375 3360 infirmitatem,
385 3305 410 3349 et
425 3299 488 3349 alias
503 3301 595 3361 quibus
613 3298 756 3363 frequenter
769 3303 877 3353 labores.

218 3370 281 3430 Ergo
293 3368 402 3432 Apostoli
414 3372 440 3417 et
456 3368 584 3430 apostolici
598 3372 661 3431 viri,
674 3377 763 3432 prater
778 3370 875 3422 labores
892 3374 1025 3422 continuus
1038 3374 1064 3420 et
1079 3373 1239 3424 Eeelesimurn

188 3438 383 3498 sollicitudines,
394 3438 545 3487 abstinentia
558 3450 649 3500 eorpus
659 3453 734 3489 suum
749 3439 912 3490 uilliotubaut.

219 3528 258 3577 2⁴.
270 3528 444 3586 Quorumdam
457 3528 586 3576 bominum
594 3532 726 3590 peecata...

218 3594 291 3644 liedli
301 3595 333 3643 ad
343 3595 540 3645 ordinandorum
550 3607 654 3644 examen
663 3594 709 3655 ,de
721 3607 771 3654 quo
781 3608 807 3644 n.
818 3598 857 3644 22.
869 3599 894 3644 ei
904 3596 1064 3644 Timotheum
1076 3599 1153 3648 tacite
1162 3599 1239 3647 monet

190 3667 219 3712 ut
228 3661 259 3722 de
272 3663 486 3724 ordinandorum,
499 3677 550 3726 non
560 3663 634 3712 malls
647 3661 748 3712 tanttlm
759 3664 891 3727 operibus,
904 3665 946 3713 sed
958 3669 982 3713 et
993 3664 1023 3713 de
1032 3665 1105 3717 bouis
1116 3667 1238 3728 diligenter

190 3731 300 3790 inquirat
314 3750 321 3780 ε
334 3745 366 3781 ne
379 3733 475 3782 suilloet
488 3733 602 3795 indignos
616 3732 722 3783 ordinet.

219 3797 290 3858 Quod
301 3803 329 3848 ut
345 3801 454 3852 exaetlhs
465 3801 540 3858 iaciat
554 3806 579 3850 et
594 3801 724 3862 seourihs,
736 3801 867 3862 distinguit
879 3805 1041 3865 peecatorum
1052 3815 1152 3866 genera.

221 3867 285 3915 Sunt
306 3869 374 3916 enim
395 3870 514 3930 quidam,
529 3878 752 3932 prorumpentem
771 3870 902 3934 manifesta
923 3878 981 3920 suat
994 3875 1019 3920 et
1030 3875 1149 3924 omnibus
1168 3876 1233 3922 noia.

191 3935 319 3990 communi
332 3934 463 3988 hominum
475 3937 558 3998 lama,
574 3943 632 3988 ante
644 3938 819 4002 qoodourmue
831 3951 935 3990 examen
951 3947 975 3989 et
986 3941 1123 4002 judicium.
