2670 4542
304 283 481 338 uuretux
497 285 723 342 Exposuit).
742 287 825 342 Gdl’.
844 289 900 344 tiu
1099 293 1133 348 ut

107 369 131 426 3.
148 347 220 426 'Nun
244 374 416 432 vinulentum
424 403 434 443 ,·
456 391 513 432 nun
568 378 634 428 lilnn
648 390 701 430 nnn
714 382 747 430 sit
759 382 895 444 obnoxius,
907 393 959 433 nou
972 379 1098 434 violemus
1110 388 1136 435 at

77 462 275 516 percussorem,
284 453 334 507 sed
345 455 513 522 modestum
537 448 582 507 qui
597 448 837 509 percutiendum
850 453 1012 510 mansuetus,
1022 453 1135 503 rixarum

77 515 512 598 nonlriigrosumfflcupffium,
538 520 564 566 ct
580 515 665 566 litium
683 516 827 579 abstinens,
844 531 896 570 non
908 523 1007 570 amator
1021 523 1133 582 argentis
1240 567 1244 576 ,

77 648 1131 680 Ἢ*-

103 723 232 776 omnum.
249 727 307 790 syr.
318 733 503 794 compedium,
521 733 547 784 id
557 736 608 796 est,
616 735 661 797 qul
673 733 763 797 vultu,
776 737 892 796 incessu,
904 735 993 786 babitu
1002 772 1009 796 ,
1019 747 1134 788 mrmone

75 795 98 842 ei
109 793 177 842 omni
192 797 268 844 motu
281 795 401 847 decorum
414 805 505 851 servet.

99 860 127 911 ur
138 863 217 912 etlam
234 877 281 927 per
292 878 385 929 eorpus
393 875 513 932 appareat
525 871 617 922 animae
629 871 769 922 moderatio
778 909 786 934 ,
795 874 832 923 ait
847 871 1026 924 theodoretus.

99 939 223 990 Pudicam
239 943 439 1005 respondethoe
454 947 552 997 nomini
568 961 648 1009 greco
665 948 828 1012 suspensas
838 961 889 1011 quo
901 949 991 1012 supra,
1006 960 1053 1000 nee
1064 951 1133 1000 euim

75 1007 134 1058 aliud
145 1012 183 1058 est
193 1022 292 1061 noman
304 1014 331 1061 ln
347 1016 435 1074 textu,
452 1017 494 1066 cui
506 1016 663 1079 respondeat.

98 1075 195 1127 liuabus
215 1080 305 1141 ltaque
321 1083 426 1132 vocibus
437 1119 445 1143 ,
456 1083 607 1145 prudentem
625 1089 651 1136 et
669 1083 809 1149 pudicum,
826 1084 889 1136 dinlt
910 1087 1034 1150 interpres
1049 1089 1133 1138 noster

74 1144 131 1206 cuod
144 1147 221 1198 unica
238 1161 304 1198 voce
315 1150 396 1212 greci
409 1149 471 1202 dixit
481 1149 511 1202 b.
526 1151 619 1203 Paulus
629 1191 635 1215 ,
646 1157 762 1217 suppara.

98 1213 205 1266 virtutes
218 1219 300 1280 supra
315 1225 462 1270 memorate
481 1220 514 1271 nd
528 1224 657 1286 propriam
672 1226 783 1288 episcopi
800 1233 933 1288 personam
945 1229 1059 1290 spectant
1071 1244 1079 1276 s
1091 1237 1131 1277 se-

73 1287 167 1346 quentes
178 1287 243 1338 verb
260 1287 293 1336 ad
306 1287 378 1338 alios.

97 1359 264 1422 liomitulem.
276 1359 320 1410 Gr.
331 1365 356 1412 ei
368 1361 425 1425 syr.
435 1364 480 1425 qni
497 1363 608 1416 advenas
621 1369 647 1417 et
664 1370 807 1430 peregrinos
823 1366 917 1430 diligat.

98 1427 130 1478 id
142 1427 347 1548 bgspitnlitatem
365 1443 423 1492 ergo
443 1445 531 1483 omnes
546 1435 710 1486 exercendam
729 1440 767 1486 tot
785 1439 811 1486 et
828 1439 905 1486 tantu
923 1434 987 1486 data
1001 1437 1061 1486 aunt
1080 1437 1127 1498 epi·

74 1501 144 1560 scopis
177 1501 271 1549 iritiae.

97 1566 266 1618 luculentas
281 1568 384 1620 aliunde
395 1569 552 1624 Christianos
564 1572 632 1625 domi
648 1586 702 1626 aue
713 1574 775 1625 olim
785 1574 942 1639 excipiebant
952 1575 1069 1638 episcopt.

98 1637 156 1688 ilinc
172 1637 203 1688 li.
222 1637 301 1700 Greg.
315 1641 351 1689 ait
363 1657 370 1689 s
382 1639 583 1704 Hospitalitatem
604 1647 719 1695 nmciena
732 1657 784 1694 non
801 1645 848 1697 dat
861 1642 1077 1708 episcopusvide
1086 1654 1130 1706 cp.

73 1703 160 1756 cornu.
176 1707 318 1770 dLapide,
331 1711 375 1770 qui
386 1713 410 1758 st
420 1709 450 1759 u:
463 1710 646 1776 Hieronymum
659 1716 720 1764 citat
733 1717 759 1763 ei
770 1713 855 1765 alios..

97 1781 245 1840 Desierunt,
262 1781 356 1842 idest,
368 1784 412 1845 qui
430 1785 463 1834 sit
474 1789 547 1847 aptus
560 1792 586 1837 et
597 1789 701 1850 paratus
711 1787 745 1838 ad
755 1786 904 1838 docendum.

98 1847 243 1900 predicatio
255 1851 413 1912 praeolpuum
427 1853 465 1901 est
475 1855 584 1918 episcopi
597 1867 701 1904 munus.

97 1916 199 1970 Summa
220 1921 310 1980 enim,
329 1921 366 1968 ait
384 1920 414 1971 Ι).
428 1921 552 1984 llilarius,
573 1923 617 1974 lib.
630 1927 653 1974 u.
672 1924 704 1975 de
723 1923 862 1984 trinitate,
876 1925 992 1974 emnium
1005 1921 1130 1974 virtutum

75 1988 249 2052 episcopalium
260 1991 299 2037 est
311 1990 417 2038 scientie
432 1992 458 2040 et
471 1988 594 2042 doctrina.

97 2056 140 2118 ut,
152 2061 181 2108 ut
198 2059 241 2108 nit
256 2057 458 2120 theophylactus
477 2061 504 2107 in
523 2062 596 2122 epist.
618 2061 651 2111 ad
664 2061 765 2122 Titum,
786 2073 842 2125 nup.
861 2064 930 2121 i,n.
948 2063 972 2110 ti.
988 2059 1136 2123 precipuus.

75 2128 172 2192 episcopi
185 2128 323 2182 character
333 2131 371 2180 est
381 2126 488 2178 ducendi
501 2127 616 2182 incultas.
842 2133 846 2139 '

98 2219 119 2268 i.
134 2217 189 2270 Nun
200 2215 376 2277 vinolentum,
389 2216 415 2266 id
428 2221 481 2279 est,
493 2230 546 2269 nou
556 2220 616 2269 aino
630 2217 775 2272 obnoxium.

98 2285 259 2373 supradictas
273 2289 381 2339 rinutes
396 2289 548 2340 necesmies
560 2289 656 2351 indicias
671 2303 716 2354 per
728 2291 887 2354 decadonem
899 2289 1070 2341 vitiorumeis
1081 2299 1129 2352 op·

74 2364 614 2495 1mli{odulrnp‘soatutnuaputaihlcslgnliicuri
632 2444 684 2483 non
700 2433 895 2484 conviciatorem
905 2434 980 2495 ainus
994 2429 1096 2509 eluunt.

98 2505 148 2554 Noc
158 2517 335 2570 pernumerem
346 2525 355 2555 .·
366 2505 486 2556 violentia
497 2504 640 2556 vinolentia
653 2517 718 2569 saepe
728 2510 766 2556 est
776 2508 871 2558 vicina.

99 2572 159 2624 ilinc
168 2576 290 2626 decenter
298 2577 355 2636 pusi
364 2575 453 2625 vinum
465 2575 557 2625 manua
569 2574 707 2637 petulantia
719 2575 873 2638 prohibetur.

99 2641 125 2692 b.
141 2643 275 2706 chrysost.
295 2654 372 2703 quem
390 2647 531 2704 mquuntur
547 2644 747 2707 theophylactus
763 2648 788 2694 at
806 2645 835 2696 u.
853 2643 986 2696 insellatis
1002 2643 1128 2696 :fratrum
1233 2631 1238 2640 ⁸

74 2713 249 2761 dormientium
264 2721 317 2758 non
330 2708 403 2759 leniet
413 2709 534 2774 improbe.

74 2843 87 2900 d
101 2786 145 2904 δοιὰ
155 2785 308 2859 modestum.
321 2783 376 2848 Syr.
393 2788 571 2846 mansuetum,
584 2785 611 2835 id
623 2789 676 2846 esi,
688 2787 732 2836 sed
748 2787 877 2836 humanus
894 2789 942 2846 sit,
955 2789 1024 2837 mitis
1035 2791 1059 2836 et
1071 2799 1127 2836 mo-

87 2865 123 2903 era
134 2868 172 2906 us.

99 2929 149 2980 Noc
159 2929 313 2993 littpioaum.
324 2927 367 2980 Gr.
379 2942 431 2980 non
441 2931 612 2994 pugnantem,
625 2931 792 2982 munierum
804 2932 829 2980 et
840 2929 923 2980 liilutu
934 2933 966 2981 sit
981 2929 1126 2995 abstinens,

74 2995 155 3060 aisque
164 3001 251 3060 jurgio
264 3002 291 3049 et
302 2997 414 3048 dissidio.

99 3073 150 3124 lion
162 3075 301 3138 cupidum,
316 3071 429 3132 scilicet,
445 3071 564 3124 habendi.
583 3073 626 3124 Gr.
638 3085 690 3124 non
703 3073 1009 3137 replicuerunt-syr.
1027 3077 1128 3126 nonsit

73 3149 161 3195 amator
174 3145 275 3206 argenti
286 3179 294 3203 ,
307 3142 334 3192 id
351 3144 405 3202 est,
417 3144 451 3192 sit
469 3142 568 3193 alienus
583 3143 616 3192 ab
628 3139 753 3194 avaritia.-

99 3212 125 3263 u.
144 3214 342 3276 chrysostomus
359 3214 449 3273 querit
463 3225 509 3262 cur
528 3212 660 3276 Apostolus
677 3213 709 3262 de
728 3215 843 3277 episcopo
857 3213 996 3274 disserens,
1012 3214 1124 3264 dixerit:

74 3278 166 3342 Oportet
183 3281 260 3332 illum
279 3293 331 3331 nnn
342 3280 470 3330 ebriosum
481 3293 547 3341 essa,
557 3293 609 3331 non
623 3294 794 3343 percussorem
804 3319 811 3342 ,
822 3287 880 3344 etc,
889 3297 949 3332 cum
960 3283 1031 3344 longe
1045 3282 1127 3332 excel·

73 3347 170 3402 lautiora
181 3363 228 3414 pro
239 3349 388 3400 celsitudine
401 3349 492 3410 gradus
505 3352 601 3412 erigere
612 3350 727 3400 debuisse
742 3351 866 3400 videatur.

98 3419 146 3470 cnr
164 3433 218 3471 non
236 3418 300 3469 dixit
311 3437 318 3469 ι
331 3418 433 3481 Oportet
446 3421 591 3482 episcopum
607 3419 725 3482 angelum
739 3431 806 3480 esse,
818 3419 882 3469 nulli
895 3419 1014 3473 humanu
1027 3423 1127 3482 pertur-

73 3485 177 3551 bationi,
191 3490 313 3539 nutritio
326 3489 468 3549 subjeetum
479 3525 487 3549 ,
500 3492 550 3538 etc.

99 3555 148 3607 (iun
162 3559 195 3608 ab
214 3559 331 3621 episcopo
347 3556 436 3606 saitem
453 3569 505 3606 non
525 3559 680 3619 nequinates
696 3567 753 3619 quae
768 3559 844 3607 ctiam
862 3556 968 3607 subditis
987 3561 1127 3610 necessaria

73 3633 121 3673 esse
133 3625 237 3686 docuit;
252 3625 346 3675 scilicet
356 3660 364 3685 ,
375 3624 539 3676 circumiens
557 3636 658 3675 erucem
670 3629 847 3686 scamnoque
865 3625 892 3673 in
905 3624 1023 3676 manibus
1035 3625 1126 3679 habere

73 3696 180 3746 animam
193 3708 240 3759 pro
252 3695 372 3745 iratribus
381 3707 478 3757 semper
491 3695 683 3757 exponendnmi·
1083 3729 1085 3734 -

99 3761 269 3822 Moderatum,
287 3763 385 3824 inquit,
405 3763 526 3812 virtutem
542 3765 672 3826 proposuit
686 3765 713 3813 in
730 3765 846 3826 episcopo
860 3765 1056 3827 inquirendam,
1075 3779 1125 3818 non

74 3840 212 3893 supremam
226 3834 303 3894 atqua
321 3831 465 3892 celestem,
479 3834 539 3894 unia
552 3833 607 3882 hee
620 3835 647 3881 in
658 3833 745 3894 paucis
758 3835 898 3894 reperitur:
911 3836 1031 3898 episeopis
1041 3839 1127 3886 autern

75 3897 187 3958 piurimis
199 3905 263 3952 tunc
281 3912 344 3964 opus
360 3899 422 3965 init,
433 3913 466 3958 ne
482 3911 539 3964 ergo
558 3902 669 3966 perirent
683 3899 798 3952 Ecclesia
813 3903 927 3964 negotia,
943 3903 1022 3954 utitur
1039 3905 1127 3956 mode-

74 3969 174 4020 ratione.
