2670 4542
229 324 262 378 52
422 321 559 373 rislum
577 320 779 374 EPISTOLAE
799 321 848 372 AD
866 317 1098 372 riuorfludtl

258 413 354 464 Gratias
365 427 411 478 ago
423 414 530 465 Domino
544 419 630 464 nostro
648 413 708 464 lesu
730 413 827 464 Christo
886 415 930 482 te,
944 414 1051 467 Gratias
1063 426 1115 480 ago
1134 412 1160 464 ei
1178 412 1230 480 qui
1251 423 1297 464 me

229 487 271 543 qui
285 482 348 532 milri
360 485 427 532 vires
440 483 472 532 ad
486 483 512 533 ld
524 482 709 546 suppeditavit,
719 484 826 544 gratias,
850 491 1023 552 confortavit,
1037 491 1144 545 Christo
1158 493 1228 544 iesu
1241 493 1298 541 po.

229 555 350 613 inquam,
372 565 430 614 ugo,
446 553 506 613 quia
525 551 625 600 fidelem
643 564 684 600 me
705 551 828 611 judicavit
851 572 925 624 mino
935 577 1041 634 nostro,
1052 570 1116 636 quia
1128 569 1242 622 fidelem
1252 581 1296 620 me

850 648 1023 710 existimavit,
1034 659 1143 714 ponens
1152 645 1181 696 in
1191 645 1295 698 minis·

257 802 316 852 liihi
329 785 439 862 scilicet,
456 807 500 865 qui
514 801 585 865 prius
601 801 637 851 tui
650 801 824 862 blasphemus,
851 733 936 854 [Ἥ
948 801 999 863 Qui
1019 800 1095 866 prius
1111 798 1295 865 blasphemus

228 623 269 668 eui
280 623 380 669 tantum
392 622 562 672 committeret
574 621 755 670 ministerium.

227 877 252 920 et
281 877 440 934 persecutor,
463 877 489 921 et
512 872 592 922 hostis
613 870 824 932 contumeliosus;
850 875 905 936 inl,
920 883 946 928 et
959 871 1128 942 persecutor,
1150 883 1177 927 et
1190 883 1294 928 contn-

226 941 269 990 sed
286 940 352 989 Deus
363 939 413 989 mei
428 942 547 990 misertus
558 943 610 1000 est,
624 941 683 1000 quia
699 951 742 1000 per
754 941 825 998 igno·
849 953 980 1007 meliosus
991 971 997 1005 :
1010 953 1060 1006 sed
1072 953 1294 1006 misericordiam

226 1007 825 1068 mutiamieci,etcdmudhuceseemintene-
849 1033 894 1084 Dei
924 1038 1093 1084 commus
1119 1045 1200 1091 sum,
1229 1033 1292 1097 quia

228 1081 278 1127 nris
294 1077 486 1127 incred'ffimss'
849 1109 1075 1178 ignoransleciin
1086 1110 1291 1164 incredulitate.

259 1275 296 1321 12.
315 1273 416 1323 Gratiae
427 1285 476 1334 ogo
491 1273 514 1323 ei
526 1274 571 1336 qni
582 1288 621 1324 me
633 1274 812 1336 confortavit...

256 1341 299 1390 Gr.
311 1346 336 1390 et
347 1343 454 1402 gratiam
464 1341 544 1391 habeo
557 1343 685 1393 roborasti
699 1355 741 1392 me
754 1342 852 1393 Christo
866 1343 934 1394 lesu.

255 1411 379 1472 Dicendo,
395 1411 564 1473 Evangelium
585 1413 653 1475 qood
669 1412 733 1462 mille*
754 1413 875 1462 creditum
894 1423 943 1474 est,
961 1413 1107 1464 recordatur
1125 1425 1218 1462 eorum
1236 1427 1291 1474 quae

225 1485 312 1530 contra
327 1479 492 1542 Evangelium
511 1479 569 1530 iecit
584 1480 734 1543 aliquando,
751 1480 861 1543 hincque
871 1482 921 1531 lico
931 1517 938 1542 ,
950 1481 1102 1532 benefactori
1123 1493 1188 1541 suo,
1201 1485 1290 1543 gratiss

225 1551 255 1600 eo
268 1553 375 1611 majores
385 1553 437 1612 agit
447 1588 454 1610 ,
464 1552 514 1613 qud
526 1563 580 1600 sese
589 1551 632 1600 toli
644 1554 670 1600 et
682 1556 753 1600 tento
766 1551 888 1602 beuellcio
901 1556 1000 1615 reputat
1011 1551 1189 1612 indigniorem.

257 1627 357 1676 Gratias
369 1639 418 1687 ogo
432 1626 538 1675 Domino
552 1631 635 1675 nostro
648 1627 708 1675 lesu
723 1625 837 1684 diecto,
853 1629 897 1688 qui
916 1626 979 1676 milri
992 1628 1057 1676 vires
1074 1625 1246 1688 suppeditavit
1259 1626 1289 1674 od

225 1709 278 1744 rem
290 1697 353 1745 tanti
365 1695 487 1744 momenti
499 1694 682 1757 exsequendam
692 1731 700 1754 ,
711 1697 847 1752 nimirum,
861 1695 893 1745 ad
904 1696 1069 1758 Evangellum
1080 1695 1185 1746 strenue
1200 1695 1289 1744 011011-

225 1767 287 1813 citer
302 1763 499 1827 predicandum.

257 1841 365 1897 Gratiae,
376 1841 494 1902 inquam,
505 1851 567 1901 epo,
584 1840 646 1900 qeeio
656 1838 755 1900 fidelem
768 1851 807 1887 me
821 1841 989 1897 existimavit,
1000 1851 1045 1890 seu
1061 1839 1152 1899 duxlt,
1165 1843 1208 1890 cui
1221 1853 1288 1888 com-

224 1910 334 1956 mitteret
344 1907 497 1970 apostolatus
509 1907 689 1956 ministerium.
866 1931 870 1942 ·

254 1981 379 2042 Fidelem,
398 1981 425 2032 ld
437 1987 475 2031 est
485 2020 493 2042 ,
503 1981 583 2030 tldum
595 1998 603 2030 r
616 1993 667 2029 non
679 1982 694 2029 d
704 1979 770 2040 lide,
787 1981 830 2029 sed
841 1979 855 2029 l
867 1981 1052 2042 fidelitateque
1063 1983 1204 2041 requiritur
1221 1984 1246 2030 in
1258 1984 1286 2030 iis

223 2053 314 2112 quibus
329 2051 425 2115 aliquid
439 2053 623 2111 committitur,
636 2049 743 2110 scillcet,
757 2049 861 2099 utboni
874 2050 923 2099 tide
934 2049 1113 2101 administrent
1124 2051 1173 2100 sibi
1185 2052 1285 2101 credita.

254 2127 363 2177 Fidelem
376 2140 415 2176 nte
426 2127 584 2182 existimavit.

250 2195 337 2244 ltlodus
348 2195 467 2256 loquendi
478 2197 621 2244 communis
634 2214 640 2243 ε
653 2207 697 2244 rex
706 2231 713 2254 ,
723 2193 762 2244 vel
774 2193 893 2244 dominus
906 2207 978 2244 meus
989 2194 1097 2254 tidelem,
1109 2195 1285 2255 sufficientem,

223 2267 360 2324 idoneum,
372 2263 478 2326 dignum
491 2277 532 2313 me
544 2265 668 2324 judicavit
678 2266 719 2314 cui
730 2264 779 2314 tale
789 2267 958 2316 committeret
968 2266 1112 2326 negotium,
1122 2265 1149 2314 id
1160 2269 1199 2314 est
1209 2303 1215 2325 ,
1226 2265 1285 2313 milri

223 2335 358 2384 commisit.

252 2405 298 2454 Ubi
310 2408 370 2453 noto
381 2417 441 2454 cum
452 2404 482 2454 u.
495 2403 590 2454 Thema
605 2406 654 2453 tria
668 2403 711 2453 lrlc
721 2441 729 2464 ,
741 2403 829 2454 ordine
840 2405 992 2466 retrogrado,
1002 2406 1061 2467 ponl
1072 2403 1105 2452 ad
1116 2404 1284 2465 apostolatum

222 2475 350 2534 requisita.

252 2543 284 2592 lit
299 2544 356 2604 quls
366 2542 400 2591 slt
409 2541 537 2601 Evangelii
548 2542 663 2592 minister
674 2545 722 2592 tria
734 2543 897 2603 requiruntur
909 2560 916 2590 r
931 2541 1058 2600 Primum,
1069 2545 1098 2590 ut
1112 2545 1283 2592 committatur

222 2614 278 2663 sibi.
290 2611 450 2671 Secundum,
466 2610 606 2672 idoneitas,
617 2624 661 2662 seu
678 2617 707 2662 ut
717 2613 750 2661 sit
763 2611 859 2672 tidelis,
869 2611 984 2661 idoneus.
997 2609 1121 2670 Tertium,
1132 2615 1161 2659 ut
1173 2614 1207 2662 sit
1216 2613 1282 2661 lorlis

221 2683 253 2732 ad
268 2682 479 2746 prosequendum.
669 2699 675 2702 ·
1317 2691 1318 2695 ¹

252 2753 366 2802 Tertium
376 2750 459 2814 prime
473 2753 545 2814 ponit
557 2770 564 2800 r
575 2753 620 2814 qui
630 2765 669 2801 me
680 2751 836 2813 confortavit.

251 2823 413 2884 Secundum,
425 2823 470 2884 qce'
485 2823 583 2884 fidelem
596 2836 635 2872 me
653 2823 812 2872 existimauit.

250 2893 363 2942 Primum
374 2928 381 2953 ,
392 2905 483 2954 poncias
495 2892 522 2940 in
534 2893 681 2941 ministerio.
1313 2909 1314 2938 r

250 2963 338 3023 ltaque
349 2962 440 3022 gratias
455 2962 506 3020 agit
517 2959 582 3019 lieo,
594 2964 620 3009 et
635 2961 703 3021 qnod
712 2962 882 3010 ministerium
897 2960 1019 3020 credidit,
1038 2964 1063 3008 et
1080 2959 1148 3020 quod
1165 2961 1280 3010 idoneum
1312 2959 1313 3001 l

220 3029 341 3090 reddidit,
353 3033 378 3078 et
388 3027 455 3090 qudd
469 3028 558 3078 fortem
574 3028 606 3078 ad
618 3029 802 3090 exsequendum
818 3031 940 3091 prestitit.

254 3116 290 3162 13,
306 3110 355 3170 Qui
367 3109 442 3173 pride
456 3110 616 3172 blasphemus
629 3111 698 3172 fui...
712 3111 755 3160 Gr.
767 3125 839 3172 eom,
852 3111 922 3172 prins
933 3113 1081 3160 existentem
1095 3111 1278 3173 blasphemum.

220 3181 289 3229 lianc
305 3181 411 3242 gratiam
427 3182 555 3240 exaggerat
574 3191 603 3227 ex
615 3180 654 3228 sui
667 3179 814 3240 indignitate
835 3179 865 3228 olr
886 3179 1066 3244 praecedentem
1084 3183 1182 3229 statum
1199 3193 1269 3228 snunr
1308 3187 1309 3190 ’

250 3250 300 3309 110,
316 3250 421 3309 inquam
430 3283 437 3308 ,
446 3247 506 3297 iecit
519 3248 678 3311 Apostolum,
689 3250 733 3310 qui
744 3249 816 3310 priris
826 3247 865 3308 ful
878 3248 1037 3309 blasphemes
1046 3249 1072 3296 iu
1081 3247 1221 3308 Christum,
1232 3250 1277 3297 imi

220 3327 243 3366 et
265 3320 308 3380 qui
327 3317 389 3368 alios
405 3316 437 3366 ad
453 3316 678 3379 blasphemandum
692 3320 776 3378 coegi3
791 3319 834 3377 qui
851 3316 887 3364 lui
902 3316 1018 3365 Ecclesiae
1034 3326 1178 3376 persecutor
1191 3324 1216 3367 et
1228 3321 1277 3368 vio

219 3389 302 3438 lentus
319 3398 449 3450 oppressor
457 3406 465 3447 i
474 3388 518 3448 qui
536 3385 573 3435 fui
585 3385 678 3436 Christi
691 3389 717 3434 et
727 3386 926 3441 Christianorum
939 3384 1018 3434 hostis
1032 3387 1234 3436 contumeliosus.

252 3457 352 3517 l'erbis,
363 3454 436 3505 fectis
446 3491 454 3515 ,
464 3455 490 3502 vi
501 3490 508 3514 ,
521 3453 648 3504 Christum
667 3457 692 3502 et
705 3452 859 3502 Christianos
871 3453 973 3502 nitendi.
1172 3451 1180 3464 '

251 3531 299 3579 Sed
311 3529 512 3580 misericerdiam
528 3529 574 3577 Det
589 3535 730 3578 consecutus
746 3541 832 3576 scin...

249 3598 298 3646 Sed
308 3597 434 3656 Densmei
448 3598 566 3646 misertus
580 3603 630 3656 est,
641 3598 683 3656 qui
694 3609 737 3657 per
751 3599 916 3658 ignorantiam
929 3597 986 3655 larci,
997 3603 1022 3646 et
1032 3599 1092 3648 clim
1104 3598 1191 3648 adhue
1202 3611 1274 3649 essem

220 3671 245 3714 in
263 3667 373 3716 tenebris
388 3665 588 3724 incredulitatis,
601 3671 626 3724 et
641 3668 759 3726 ignorans
778 3678 819 3714 mc
831 3668 945 3727 persequi
960 3665 1084 3726 llessiam,
1096 3681 1175 3728 quem
1189 3669 1246 3717 sane
1257 3667 1273 3713 si

218 3735 332 3794 nossem,
347 3739 492 3797 persecutus
508 3746 559 3784 uon
575 3746 664 3784 essem.

250 3806 352 3854 Peccata
366 3804 513 3864 ignorantia
526 3807 586 3852 suut
599 3803 686 3852 minus
707 3807 804 3864 gravia,
824 3810 849 3851 et
864 3811 1045 3866 consequenter
1057 3812 1207 3866 peccantem
1223 3804 1273 3854 red·

220 3877 284 3926 dunt
295 3873 381 3924 miuus
393 3874 526 3936 indignum
537 3873 709 3923 misericordie
719 3909 726 3932 ,
736 3887 787 3922 non
806 3879 891 3924 tomen
906 3876 1020 3942 dignum.

250 3945 326 3993 liivus
337 3945 421 4004 ltaque
434 3944 527 3994 Pacilus
545 3957 596 3992 non
610 3945 720 4005 assignat
738 3947 864 4006 propriam
886 3944 928 3994 hle
944 3956 995 3994 sues
1008 3945 1198 4006 justificationis
1218 3957 1271 3994 cau-

221 4028 290 4074 sam,
301 4012 342 4062 sed
354 4013 488 4074 improprie
507 4012 599 4061 dictam
611 4016 635 4059 et
647 4009 825 4060 occasionalem
843 4013 951 4062 tantum.
