2670 4542
335 299 853 358 Tuieiuxuxrosir10.car.
873 304 912 355 ii.
940 343 946 352 .
1118 306 1150 355 oi

132 398 159 448 5.
171 397 228 452 Ηοο
240 396 315 450 enirn
334 396 440 450 bonum
455 401 497 450 est
508 397 536 450 ot
589 393 691 443 Etenim
707 392 764 456 (sie
781 407 827 458 pra
843 396 960 446 omnibus
978 393 1065 454 orara)
1083 395 1110 442 in
1127 407 1154 442 se

99 479 238 538 acceptum
267 487 366 526 coram
393 474 536 528 salvatore
558 462 654 512 bonum
669 465 722 523 est,
744 467 769 512 et
786 463 837 513 lieo
854 463 976 516 salvatori
993 467 1079 513 nostro
1097 475 1149 525 gra-

98 557 194 603 nostro
204 554 269 614 beo,
559 534 628 592 tum»

129 631 157 679 4.
168 629 219 690 Qui
227 643 327 683 omnes
337 629 466 684 homines
477 629 535 681 vult
588 627 636 688 Qui
657 628 713 678 ruli
731 639 820 677 omnes
839 628 954 678 homines
977 626 1059 678 salvos
1080 626 1154 684 lieri;

98 705 264 772 salvosfieri
279 707 353 760 eiad
364 707 535 774 agnitionem
557 698 636 757 utque
651 696 793 755 salvantur,
815 695 869 744 vult
888 708 930 746 eos
950 694 982 745 ad
1001 697 1153 758 agnitionem

97 782 218 835 veritatis
232 784 338 837 venire·
557 761 685 826 veritatis,
702 767 728 816 id
740 770 791 827 ast,
803 765 895 816 Christi
909 768 1048 828 pervenire.

130 865 158 913 5.
172 864 246 916 Unus
263 864 338 916 enim
356 865 447 925 Deus,
461 876 535 916 unus
589 859 598 923 (
611 859 661 910 Nec
673 861 699 909 id
709 858 824 920 mirum)
838 862 891 917 est;
903 860 1047 906 unusenim
1056 861 1094 906 ast
1103 868 1156 905 onr-

97 942 268 994 etmediaior
278 942 327 995 nei
345 947 373 995 ep
391 941 535 996 hominum
558 929 631 977 nium
642 932 741 978 creator
751 927 831 986 Dans,
844 925 1030 976 unusetbelet
1041 926 1156 974 omnium

97 1020 184 1070 Homo
195 1019 319 1072 Christus
331 1022 429 1082 Jesus,
558 995 830 1126 {issiariilrltgffiomegzaffi
837 1031 844 1054 ,
859 993 955 1043 seilicet
966 1029 973 1052 ,
985 992 1057 1042 lesus
1068 990 1156 1040 cbris-

128 1126 156 1176 6·
167 1125 217 1187 Qui
228 1125 306 1178 dedit
317 1125 537 1193 redemptionem
590 1102 637 1194 Q’ni
658 1135 821 1196 semetipsum
833 1098 912 1183 ‘dedit
933 1136 961 1181 in
984 1136 1091 1182 mortem
1110 1143 1156 1192 pro

125 1290 168 1340 Gr.
178 1289 217 1336 iai
238 1291 382 1349 σεμνότητι,
398 1305 451 1342 non
464 1292 566 1342 tantum
579 1293 720 1342 castitatem
735 1291 873 1354 significat,
885 1291 929 1342 sed
944 1295 969 1340 et
982 1304 1082 1340 morum
1098 1305 1155 1352 gra·

97 1361 198 1408 vitatem
213 1363 239 1408 at
249 1359 420 1410 honestatem.
1128 1374 1135 1386 ·

125 1433 169 1482 llis
178 1435 264 1495 itaque
274 1433 375 1483 duobus
386 1435 532 1485 nominibus
542 1472 548 1495 ,
560 1437 650 1498 pietate
663 1441 686 1484 et
701 1435 825 1492 caedicio,
836 1437 1048 1492 omnesexternos
1058 1435 1157 1494 pietatis

98 1507 166 1550 actus
178 1507 203 1551 et
213 1513 315 1552 omnem
333 1515 434 1553 morum
443 1507 592 1563 gravitatem
603 1508 629 1552 et
644 1503 802 1554 honestatem
814 1503 940 1566 exprimit.

112 1570 170 1689 hugi
181 1578 254 1623 actus
265 1573 362 1621 externi
375 1573 477 1634 pletatis
488 1576 513 1620 et
529 1573 667 1622 honestatis
687 1578 798 1635 tempore
815 1574 884 1636 pacis
898 1569 999 1620 liberius
1011 1577 1157 1620 exercentur

99 1651 112 1686 a
160 1641 260 1690 eclesia.

127 1710 247 1774 Tempora
260 1713 354 1774 quippe
367 1711 425 1761 belli
436 1749 444 1771 ,
455 1712 548 1774 templa
558 1713 724 1775 prolanantur
735 1750 742 1772 ,
755 1715 820 1762 sacri
831 1717 909 1762 cicius
921 1715 1019 1761 cessant
1030 1749 1036 1770 ‚
1048 1711 1090 1759 liei
1104 1711 1158 1758 rul-

99 1781 293 1896 tuslnegligitur,
307 1786 452 1842 grassantur
464 1781 673 1842 vitia;caadibus‚
685 1784 781 1844 rapinis
793 1786 818 1831 et
829 1781 994 1844 impudicitiis
1008 1783 1093 1828 omnia
1105 1781 1157 1828 loca

99 1854 232 1908 repetitur.

129 1917 193 1970 cum
204 1931 263 1982 ergo
274 1919 397 1981 tregibus
408 1920 515 1983 pendeat
524 1920 684 1971 subditorum
695 1931 742 1984 pax
750 1957 757 1980 ‚
766 1923 791 1968 et
802 1919 816 1967 i
828 1931 889 1982 paea
902 1919 1033 1982 temporali
1049 1919 1158 1966 multdni

99 1991 203 2054 pendeat
212 1992 346 2038 externum
355 1989 482 2051 religionis
493 1991 656 2049 exercitium

127 2063 192 2112 cum
206 2058 310 2110 aliunde
323 2059 399 2109 corda
412 2073 499 2122 regum
517 2062 568 2110 sint
582 2061 609 2108 in
621 2072 699 2109 manu
714 2059 775 2119 bei;

128 2133 192 2182 ilinc
206 2130 239 2178 ab
250 2129 369 2178 omnibus
386 2129 503 2179 fidelibus
517 2127 643 2179 orandum
656 2133 693 2178 est
709 2140 754 2191 pro
766 2128 874 2189 regibus.
947 2121 950 2128 ’

128 2217 153 2262 3.
166 2213 219 2262 lloc
231 2212 297 2260 enim
310 2211 404 2260 bonum
417 2217 451 2261 eat
467 2217 489 2260 et
500 2216 628 2272 occeptum
639 2223 725 2260 corum
738 2209 872 2259 Salvatore
887 2213 971 2260 nostro
983 2208 1041 2256 Deo.

129 2281 172 2330 Gr.
180 2281 230 2329 boo
246 2281 316 2328 enlin
325 2279 461 2341 pulchrum
473 2282 498 2328 et
512 2284 658 2340 acceptum,
669 2283 718 2328 ete.

129 2348 218 2398 Probat
229 2347 355 2397 orandum
366 2359 418 2396 essa
431 2360 477 2410 pro
488 2347 606 2396 omnibus
616 2347 772 2396 hominibus.

126 2417 197 2466 lum
210 2418 270 2478 quia
280 2416 445 2474 boo,sollicei
461 2427 531 2466 orare
547 2428 591 2479 pro
603 2415 763 2476 omnibus,in
778 2427 804 2464 aa
820 2416 912 2465 bonum
920 2420 972 2471 est,
984 2417 1069 2476 utpoia
1080 2415 1161 2464 chari*

102 2489 161 2538 tatis
171 2500 252 2550 opus;
263 2491 320 2536 turn
331 2487 390 2548 quia
403 2486 465 2544 boo,
477 2489 675 2547 consequenter,
686 2487 845 2547 Diognetum
861 2488 886 2532 et
901 2489 1029 2546 dormtum
1042 2492 1084 2534 est.

133 2572 156 2620 i.
172 2571 224 2630 Qui
236 2579 321 2618 ornator
334 2566 445 2618 homines
454 2568 510 2617 volt
520 2568 603 2617 solvor
614 2567 700 2630 fieri...

98 2641 101 2646 '
132 2640 223 2690 Probat
240 2639 302 2696 boo,
315 2636 342 2686 id
365 2640 420 2696 est,
434 2650 479 2700 pro
495 2636 613 2686 omnibus
630 2649 701 2686 orare
716 2635 853 2700 pulchrum
865 2640 890 2686 et
904 2635 955 2686 lico
974 2638 1072 2694 gratum
1092 2647 1161 2692 asse,

103 2711 161 2769 nula
173 2745 180 2768 ,
194 2707 303 2768 scilicet¹
317 2705 366 2756 hoe
380 2706 423 2755 liei
439 2705 562 2756 volontati
575 2705 702 2756 conforme
713 2709 766 2766 est;
781 2707 834 2767 ipse
848 2707 916 2758 anim
926 2703 991 2752 lieris
1007 2706 1032 2751 et
1050 2702 1162 2750 Salvator

104 2782 189 2828 noster
200 2777 257 2826 oult
270 2789 353 2827 omnes
367 2775 477 2825 homines
492 2775 575 2824 saluos
585 2775 733 2836 fieri....Gr.
747 2776 851 2823 servari.

130 2847 162 2896 iit
174 2849 236 2908 qula
246 2846 297 2896 boc
308 2846 361 2906 lpse
371 2843 549 2905 vult‚gratum
562 2848 600 2892 est
615 2841 652 2892 iiii
661 2841 729 2904 qnod
739 2855 785 2891 nos
796 2842 863 2892 idam
874 2839 998 2899 velimus,
1010 2838 1076 2888 idern
1093 2846 1163 2902 opta-

103 2928 175 2976 mus,
192 2919 218 2964 et
230 2917 414 2974 consequenter
426 2925 526 2963 oremus
538 2911 564 2961 id
580 2911 647 2973 quod
661 2914 730 2974 optat
743 2912 796 2974 lpse
809 2930 815 2958 ι
833 2908 945 2969 scilicet,
957 2913 986 2957 ut
997 2920 1084 2958 ornnes
1102 2923 1164 2958 con-

103 2987 275 3045 vertantur‚et
287 2987 418 3046 propterea
426 2982 458 3031 ad
470 2981 640 3044 cognitionem
650 2982 763 3031 veritatis
773 2978 921 3042 evangelicu
932 2981 1093 3042 perveniant,
1106 2993 1164 3040 seu,

102 3057 134 3105 ad
149 3056 227 3105 ildern
241 3057 268 3104 ln
283 3053 428 3114 Christum,
442 3055 496 3102 sine
506 3052 556 3114 qui
567 3064 619 3101 non
630 3056 668 3102 est
678 3051 754 3101 salus.

131 3133 198 3181 Deua
207 3131 265 3182 oolt
275 3142 358 3178 omnes
371 3128 480 3178 iomanes
494 3127 578 3177 colcos
591 3127 657 3190 fieri.

131 3206 236 3256 lmiiare
247 3215 305 3266 ergo
317 3202 397 3252 Deum
410 3205 499 3262 tuum;
509 3201 578 3250 illius
587 3199 710 3250 concorda
719 3200 857 3260 vaiandin
865 3199 926 3251 velis
935 3201 1001 3263 quod
1009 3213 1096 3250 omnes
1104 3201 1165 3249 salvi

104 3275 165 3326 liant
176 3273 262 3336 :quod
273 3275 295 3320 sl
307 3273 359 3330 vis,
374 3274 399 3319 et
410 3283 452 3320 ora
462 3291 469 3332 ;
479 3273 571 3333 quippe
582 3267 720 3318 volentium
732 3273 769 3318 est
782 3282 862 3318 orare.
876 3269 952 3318 llivus
966 3269 1165 3330 carysostomus.

132 3361 155 3408 5.
171 3359 239 3408 Unus
251 3357 317 3405 enim
333 3354 412 3412 Deua,
428 3367 510 3411 unos,
524 3360 546 3400 ot
557 3353 719 3401 medionon...
731 3352 819 3412 probat
829 3352 909 3400 Deum
922 3351 986 3400 vella
998 3352 1113 3398 omniurn
1125 3363 1166 3398 sa-

105 3426 191 3477 lutam.

131 3494 232 3554 Primb,
248 3495 309 3554 quia
322 3505 390 3542 unus
403 3497 427 3541 et
443 3494 510 3542 idem
520 3496 557 3541 ost
570 3494 686 3540 omnium
699 3489 779 3548 Deus,
790 3495 902 3546 creator,
917 3492 987 3548 pater
996 3490 1021 3535 et
1031 3486 1164 3536 dominus:

104 3577 191 3615 omnes
210 3575 270 3624 ergo
294 3561 431 3621 homines,
451 3565 550 3624 utpote,
565 3573 628 3622 opus
643 3571 733 3618 suuni,
744 3557 809 3606 lilios
820 3569 894 3614 suos,
910 3567 993 3604 servos
1005 3567 1077 3615 euos,
1087 3556 1167 3617 diligit

105 3634 342 3762 etseeaglvlgsdbopgltfa
353 3713 420 3750 unus
431 3703 456 3748 et
465 3699 532 3748 idam
542 3699 703 3747 astumatum
715 3697 849 3744 hominum
860 3692 982 3742 mediator
993 3693 1060 3756 opud
1071 3694 1166 3753 Donni,

103 3774 203 3823 scilicet
218 3772 293 3821 lesus
306 3769 438 3829 Christus,
459 3767 633 3826 Homo—bens,
655 3769 698 3827 qui
717 3765 877 3814 mediationis
893 3772 945 3812 suae
959 3762 1108 3812 beneficium
1126 3777 1168 3811 ei-

105 3843 184 3894 iendii
201 3840 236 3890 ad
250 3850 354 3898 ornnes;
370 3841 486 3888 omnium
500 3850 558 3898 ergo
575 3833 806 3885 reconciliationem
822 3829 878 3879 vult
891 3833 916 3880 at
929 3831 1045 3882 salutem.
1133 3887 1136 3896 ⁴

132 3911 215 3960 Eine
229 3909 331 3958 dubites
341 3908 404 3969 quin
415 3905 442 3956 ld
455 3904 520 3956 serlo
530 3903 591 3953 velit
601 3907 626 3952 at
639 3901 744 3952 sincere.

137 3997 161 4042 d.
182 3991 237 4052 Qui
258 3991 326 4040 dedii
342 3990 533 4052 redemptionem
548 3986 704 4046 semetipsum
719 3998 766 4046 pro
786 3983 908 4034 omnibus.
