2670 4542
206 285 242 336 '58
351 280 513 336 SECUNDAE
532 279 707 334 ertsrote
726 280 771 333 Ali
789 275 1122 332 onsssuwtticititses

234 376 269 425 lte
289 377 419 438 propterea
436 378 523 424 mmen
542 385 602 424 eum
621 377 650 424 ut
667 374 801 424 inimicum
858 377 905 428 ld.
923 377 957 428 Et
969 373 1056 428 nolite
1074 369 1156 440 quasi
1173 369 1270 424 inimi-

205 443 352 493 exlsilmells
366 447 391 492 θῐ
403 442 491 506 dipel&
505 445 619 493 indietis
630 461 637 505 ς
650 441 695 492 sed
708 447 737 492 iit
752 441 802 492 lra-
824 466 889 506 0um
897 451 1065 516 existimare,
1077 449 1128 504 ped
1137 448 1270 515 corripite

205 515 269 560 trem
283 514 396 562 varmum
413 511 521 574 benigne
538 523 569 561 ao
589 509 708 562 benerold
729 522 802 560 raro·
825 528 989 582 Matrem·

205 583 357 698 orhemum
370 653 456 700 autem
470 686 478 710 ,
493 650 563 712 pacis
578 652 681 708 auctor,
699 645 742 696 det
760 659 803 696 vo
858 643 904 694 ld.
931 642 994 708 ipse
1015 643 1108 692 autem
1132 635 1271 690 Dominus

204 717 243 766 iris
258 729 347 780 pacem
366 719 529 777 continuam,
545 729 590 766 seu
604 719 631 766 ln
653 717 723 765 omni
737 719 802 765 tem-
826 718 901 784 pacis
913 715 961 769 det
976 714 1055 768 vobis
1077 727 1177 781 pacem
1201 726 1271 764 sem·

205 798 264 848 pore
275 789 300 835 et
315 787 385 836 omni
401 785 465 836 ioco.
478 786 600 835 Dominus
611 797 655 847 per
666 796 739 835 snam
746 796 802 847 gra-
825 793 961 858 pitanam
981 791 1009 844 in
1032 789 1108 844 omni
1126 789 1271 842 1000‚1)0.

122 902 126 919 ,
205 855 268 904 tiam
279 857 312 905 eit
323 868 383 906 oum
395 855 512 905 omnibus
523 853 603 903 robis.
826 873 918 924 minus
938 871 973 923 sit
993 883 1058 922 cum
1073 860 1206 922 omnpbus
1221 879 1271 918 ,0,

826 951 879 1002 his.

206 1115 259 1174 ipsa
274 1111 384 1161 charilas
394 1109 548 1170 mwntiails,
561 1111 635 1160 bonis
648 1115 673 1160 et
686 1110 758 1160 maiis
769 1107 909 1159 beneiaclt:
925 1109 1009 1158 Solem
1018 1121 1094 1157 ouum
1105 1105 1269 1168 superbonus

206 1181 229 1230 tt
239 1179 321 1264 molor
334 1181 400 1230 oriri
415 1178 476 1243 [cett
483 1198 492 1241 ‚·
503 1181 546 1230 etc
561 1187 584 1230 et
595 1193 670 1229 cor...
683 1187 755 1230 estote
771 1179 873 1243 perfecti
891 1182 915 1228 ei
930 1179 1008 1236 boni,
1024 1179 1089 1226 rictu
1101 1177 1181 1226 Poter
1192 1184 1270 1225 vester

205 1250 340 1370 cumen
357 1331 467 1384 paupere
480 1319 620 1380 ridendus,
639 1331 691 1368 nou
707 1314 858 1368 attendenda
875 1315 1164 1383 improbitaspooperis.

237 1409 275 1458 ti.
290 1407 363 1468 Qudd
377 1409 401 1458 ei
418 1410 476 1470 pao
486 1421 536 1458 oon
549 1407 659 1458 coedit...
672 1406 738 1456 donc
748 1411 845 1464 notate,
857 1406 923 1454 sicut
934 1403 1025 1454 bovem
1037 1406 1204 1465 cornupetam
1214 1438 1221 1462 ‚
1233 1402 1268 1450 ait

206 1478 341 1538 Erasmus;
354 1481 378 1526 et
391 1475 492 1526 nulium
507 1489 566 1527 cum
578 1488 608 1527 eo
621 1475 734 1526 habeatis
745 1474 936 1524 commercium.

234 1545 299 1595 Ecce
311 1557 421 1607 poenam.

237 1621 267 1668 Ut
282 1618 464 1679 confundetur,
480 1621 510 1667 ut
522 1617 618 1680 pudore
638 1616 750 1666 suffusus
765 1616 903 1677 resipiscat.

233 1689 300 1738 Ecce
310 1687 388 1737 linem
402 1691 427 1737 et
438 1685 574 1738 utilitatem
590 1687 739 1748 punitionis.

233 1759 378 1822 Superiores
388 1757 432 1808 hio
447 1756 601 1818 alloquitur,
617 1761 646 1806 ut
658 1760 835 1806 contumacem
855 1755 952 1804 notent.

234 1829 292 1879 ilaec
305 1831 365 1877 nota
379 1830 416 1877 est
431 1829 504 1889 quasi
521 1825 637 1890 specialis
653 1825 891 1875 excommunicatio.

235 1914 261 1978 i.
275 1919 300 1966 6.
313 1914 483 1966 Comminatio
505 1913 570 1964 lacta
593 1918 646 1976 est,
670 1925 714 1964 seo
730 1912 958 1964 excommunicatio
974 1911 1025 1962 iaia
1042 1914 1069 1961 in
1087 1923 1179 1975 genere
1194 1931 1202 1962 z
1219 1912 1266 1962 De-

204 1986 350 2036 nuntiomue
364 1990 394 2034 ut
410 1984 568 2035 subtrahens
580 1997 624 2034 eor
640 1984 673 2034 ob
690 1985 759 2034 omni
774 1983 883 2046 fratre...

232 2055 304 2106 Nunc
317 2058 404 2104 autem
420 2053 488 2104 hanc
502 2065 604 2116 paenam
615 2054 743 2115 restringit
755 2052 787 2101 ad
802 2064 843 2102 eos
855 2053 914 2113 qui,
931 2049 1065 2114 posthanc
1076 2049 1208 2112 epistolam
1222 2051 1266 2101 ad-

203 2124 308 2183 moniti,
326 2125 490 2173 contumaces
512 2127 588 2174 erunt
605 2140 612 2172 ε
631 2121 679 2172 hos
701 2127 800 2180 cotom,
822 2121 921 2184 publice
944 2131 975 2169 ac
995 2121 1148 2170 nominatim
1164 2133 1207 2170 eos
1225 2120 1267 2170 de-

203 2196 315 2254 signate,
328 2197 357 2242 ut
369 2193 385 2242 d
398 2193 495 2244 caeteris
508 2191 628 2243 iratribus
639 2195 759 2242 vitentur.

234 2261 298 2376 ilino
310 2259 376 2310 hene
392 2263 474 2322 potest
488 2259 575 2310 inlerri
586 2259 653 2322 qudd
665 2260 734 2322 prius
747 2257 885 2322 praecedere
896 2258 985 2310 debeat
998 2260 1266 2310 excommunicationis

202 2340 284 2378 conum
295 2329 381 2388 natiue
1100 2348 1103 2352 ·

234 2396 306 2458 Qudd
314 2396 373 2447 solis
380 2395 574 2446 contumacibus
581 2399 606 2446 et
613 2395 747 2446 rebellibus
757 2397 852 2459 imponi
864 2395 953 2448 debeat
961 2396 1016 2448 haro
1025 2396 1265 2462 terribiilspunitio:

173 2521 176 2525 ,
232 2463 304 2527 Quod
317 2466 404 2515 animo
422 2477 475 2514 non
491 2463 572 2524 duro,
593 2477 640 2515 nec
657 2466 727 2526 acri,
743 2469 788 2514 aut
801 2467 949 2530 imperios03
966 2467 1010 2518 sed
1027 2471 1152 2532 paterno,
1169 2471 1266 2520 miseri·

204 2534 288 2584 cordia
299 2537 324 2583 et
338 2533 462 2584 charitate
473 2533 557 2596 pleno.

231 2603 287 2653 iton
305 2606 335 2653 ut
346 2602 465 2668 perdatur
480 2602 573 2664 irater,
588 2600 633 2654 sed
648 2607 675 2654 ut
685 2607 788 2654 sanetur
800 2605 925 2656 luiirmus.

232 2673 268 2723 Eo
281 2675 366 2734 ltaque
379 2673 465 2722 annno
475 2685 525 2733 quo
538 2673 673 2736 porrigitur
684 2673 819 2723 medicina.

234 2764 279 2828 tt.
289 2763 322 2812 iit
336 2761 413 2812 nolite
427 2760 502 2823 qumi
515 2761 689 2818 inimicum...

230 2832 296 2882 Eece
308 2845 395 2884 rursus
404 2835 508 2894 paterne
518 2830 589 2880 Pauli
602 2833 699 2880 viscere
712 2843 763 2894 prae
775 2829 946 2882 teneritudine
958 2836 1093 2882 commota.

232 2903 334 2952 Timens
344 2915 394 2963 ne,
409 2903 440 2952 olo
452 2902 478 2952 id
491 2904 591 2964 ipsum,
606 2900 723 2950 inlirmus
736 2900 779 2950 iiie
794 2900 945 2963 desperans,
957 2903 970 2950 d
984 2902 1139 2952 fraternitate
1150 2903 1262 2964 decidat,

200 2976 245 3022 aut
260 2973 422 3031 excludatur,
435 2971 506 3020 addit
524 2991 530 3021 r
547 2972 628 3020 Nolite
644 2972 718 3033 quast
737 2971 870 3022 inimicum
885 2974 1042 3031 existimare,
1056 2975 1099 3022 red
1115 2980 1145 3024 ut
1158 2975 1262 3038 [runem

200 3042 309 3094 fraterna
322 3041 444 3092 charitate
455 3041 582 3104 corripite.

231 3111 272 3161 Sic
284 3111 388 3172 equitas
397 3109 535 3168 servanda,
551 3115 578 3157 ut
591 3121 641 3158 non
653 3107 758 3159 iaedelur
773 3108 892 3160 charitas.

230 3180 329 3231 lustitia
342 3180 357 3229 a
369 3178 540 3228 misericordia
552 3191 683 3240 nunquam
699 3185 737 3229 est
747 3179 903 3242 separanda,
917 3179 960 3230 sed
976 3184 1081 3242 utraque
1091 3193 1193 3244 semper
1203 3187 1261 3246 tun-

198 3249 288 3311 gendfl·
735 3273 738 3280 ⁴

229 3321 313 3370 littam
330 3319 578 3368 excommunicatum
598 3317 670 3367 dehet
690 3320 820 3381 superior,
844 3323 872 3370 ut
893 3318 1014 3380 tratrem,
1034 3321 1120 3370 animo
1141 3320 1260 3372 benevolo

200 3391 331 3451 prosequi;
348 3389 371 3436 ei
389 3386 573 3449 eleemosynam
591 3387 744 3450 corporalem
759 3391 784 3438 et
802 3387 956 3449 spiritualem
974 3392 1115 3453 porrigere,
1128 3395 1153 3439 ct
1169 3405 1260 3454 penam

200 3459 260 3508 dare
272 3457 366 3508 mmem
376 3457 498 3519 patienti,
513 3468 540 3506 n.
556 3460 594 3507 td.
611 3457 658 3506 i'oe
673 3464 771 3518 autem,
790 3457 926 3522 fratrem...
946 3465 971 3507 et
985 3471 1044 3510 eum
1057 3462 1191 3510 mansuete
1206 3473 1260 3510 cor-

199 3530 296 3590 rigere,
315 3532 345 3577 ut
362 3527 501 3589 resipiscat.

229 3597 431 3660 l'ioeophylactus
448 3595 491 3646 hic
509 3597 536 3648 in
551 3608 592 3646 eos
607 3597 650 3658 qul
667 3597 818 3660 pauperibus
831 3595 893 3646 dure
913 3597 1037 3659 denegant
1052 3595 1256 3660 eleemosynam:
1317 3609 1318 3612 ’

199 3667 300 3730 Propter
315 3671 357 3726 te,
371 3668 465 3727 inquit,
481 3669 600 3729 pauperie
613 3667 736 3725 allicitur,
755 3669 783 3716 ut
800 3670 845 3726 tu,
861 3678 906 3728 per
919 3667 1081 3718 clementiam
1091 3672 1164 3718 tuam
1182 3681 1258 3730 quum

199 3737 235 3787 ilii
247 3737 348 3788 exhibeo
358 3772 365 3796 ‚
376 3735 481 3785 vulnera
496 3739 540 3785 tua
559 3749 647 3786 curare
667 3738 764 3798 possis:
783 3740 811 3785 tu
822 3735 881 3786 rard
897 3748 972 3798 eum,
985 3738 1028 3798 qui
1046 3735 1085 3786 tui
1098 3737 1175 3786 causa
1187 3741 1257 3800 inops
1316 3779 1317 3789 .

200 3810 253 3866 est,
267 3803 381 3868 repellis!
395 3803 475 3866 qualis
486 3808 546 3854 sunt
558 3805 606 3854 ista
621 3804 787 3866 stupiditatis!

232 3896 269 3943 td.
281 3895 336 3956 ipre
351 3898 434 3942 cutem
448 3893 567 3942 dominus
576 3893 677 3955 pacis...
690 3891 751 3940 Vide
766 3890 946 3955 paraphrasim.

233 3969 260 4021 lo
275 3967 345 4017 omni
356 3965 409 4017 loco
420 3985 430 4016 .-
441 3969 524 4025 noster
536 3968 658 4032 interpres
669 3963 728 4028 legit
739 3983 746 4014 ι
759 3967 783 4012 lv
795 3967 866 4016 παντὶ
879 3970 953 4032 τόπῳ,
