<?xml version="1.0" encoding="UTF-8"?>
<!DOCTYPE html PUBLIC "-//W3C//DTD XHTML 1.0 Transitional//EN"
    "http://www.w3.org/TR/xhtml1/DTD/xhtml1-transitional.dtd">
<html xmlns="http://www.w3.org/1999/xhtml" xml:lang="en" lang="en">
 <head>
  <title>
</title>
<meta http-equiv="Content-Type" content="text/html;charset=utf-8" />
  <meta name='ocr-system' content='tesseract 3.04.00' />
  <meta name='ocr-capabilities' content='ocr_page ocr_carea ocr_par ocr_line ocrx_word'/>
</head>
<body>
  <div class='ocr_page' id='page_1' title='image "./epistolarumbpau02berngoog_0146.png"; bbox 0 0 2612 4542; ppageno 0'>
   <div class='ocr_carea' id='block_1_1' title="bbox 302 269 1115 341">
    <p class='ocr_par' dir='ltr' id='par_1_1' title="bbox 302 269 1115 341">
     <span class='ocr_line' id='line_1_1' title="bbox 302 269 1115 341; baseline 0.023 -20"><span class='ocrx_word' id='word_1_1' title='bbox 302 269 864 335; x_wconf 72' lang='lat' dir='ltr'>unlaluxuxaosltio.cti³.l.</span> <span class='ocrx_word' id='word_1_2' title='bbox 931 315 941 324; x_wconf 77' lang='lat'>-</span> <span class='ocrx_word' id='word_1_3' title='bbox 1061 289 1115 341; x_wconf 71' lang='lat'>455</span> 
     </span>
    </p>
   </div>
   <div class='ocr_carea' id='block_1_2' title="bbox 60 361 1113 511">
    <p class='ocr_par' dir='ltr' id='par_1_2' title="bbox 60 361 1113 511">
     <span class='ocr_line' id='line_1_2' title="bbox 88 361 1113 439; baseline 0.019 -27"><span class='ocrx_word' id='word_1_4' title='bbox 88 363 112 412; x_wconf 86' lang='lat' dir='ltr'>a.</span> <span class='ocrx_word' id='word_1_5' title='bbox 122 361 171 425; x_wconf 79' lang='lat' dir='ltr'>aui</span> <span class='ocrx_word' id='word_1_6' title='bbox 191 375 246 416; x_wconf 85' lang='lat' dir='ltr'>nos</span> <span class='ocrx_word' id='word_1_7' title='bbox 256 362 387 420; x_wconf 81' lang='lat' dir='ltr'>liberavit</span> <span class='ocrx_word' id='word_1_8' title='bbox 397 372 425 421; x_wconf 90' lang='lat' dir='ltr'>et</span> <span class='ocrx_word' id='word_1_9' title='bbox 442 381 493 422; x_wconf 80' lang='lat' dir='ltr'>vo·</span> <span class='ocrx_word' id='word_1_10' title='bbox 546 367 594 430; x_wconf 83' lang='lat' dir='ltr'>Qut</span> <span class='ocrx_word' id='word_1_11' title='bbox 614 383 660 422; x_wconf 87' lang='lat' dir='ltr'>nos</span> <span class='ocrx_word' id='word_1_12' title='bbox 673 371 788 424; x_wconf 85' lang='lat' dir='ltr'>liberavit</span> <span class='ocrx_word' id='word_1_13' title='bbox 801 373 832 437; x_wconf 76' lang='lat' dir='ltr'>(a</span> <span class='ocrx_word' id='word_1_14' title='bbox 842 374 926 439; x_wconf 82' lang='lat' dir='ltr'>vitiis)</span> <span class='ocrx_word' id='word_1_15' title='bbox 939 378 964 428; x_wconf 84' lang='lat' dir='ltr'>el</span> <span class='ocrx_word' id='word_1_16' title='bbox 979 377 1011 428; x_wconf 76' lang='lat' dir='ltr'>acl</span> <span class='ocrx_word' id='word_1_17' title='bbox 1026 391 1113 432; x_wconf 76' lang='lat' dir='ltr'>aarum</span> 
     </span>
     <span class='ocr_line' id='line_1_3' title="bbox 60 437 1113 511; baseline 0.017 -29"><span class='ocrx_word' id='word_1_18' title='bbox 60 437 120 489; x_wconf 73' lang='lat' dir='ltr'>cavit</span> <span class='ocrx_word' id='word_1_19' title='bbox 136 439 286 494; x_wconf 73' lang='lat' dir='ltr'>vocatione</span> <span class='ocrx_word' id='word_1_20' title='bbox 308 443 358 496; x_wconf 61' lang='lat' dir='ltr'>sua</span> <span class='ocrx_word' id='word_1_21' title='bbox 378 444 489 510; x_wconf 64' lang='lat' dir='ltr'>sancta,</span> <span class='ocrx_word' id='word_1_22' title='bbox 515 438 573 488; x_wconf 80' lang='lat' dir='ltr'>vltae</span> <span class='ocrx_word' id='word_1_23' title='bbox 583 443 858 503; x_wconf 79' lang='lat' dir='ltr'>sanctitatcmaucault,</span> <span class='ocrx_word' id='word_1_24' title='bbox 868 457 919 495; x_wconf 84' lang='lat' dir='ltr'>nan</span> <span class='ocrx_word' id='word_1_25' title='bbox 928 452 1029 510; x_wconf 79' lang='lat' dir='ltr'>propter</span> <span class='ocrx_word' id='word_1_26' title='bbox 1037 461 1113 511; x_wconf 83' lang='lat' dir='ltr'>opera</span> 
     </span>
    </p>
   </div>
   <div class='ocr_carea' id='block_1_3' title="bbox 61 509 1113 588">
    <p class='ocr_par' dir='ltr' id='par_1_3' title="bbox 61 509 1113 588">
     <span class='ocr_line' id='line_1_4' title="bbox 61 509 1113 588; baseline 0.017 -37"><span class='ocrx_word' id='word_1_27' title='bbox 61 529 106 568; x_wconf 71' lang='lat'>110„</span> <span class='ocrx_word' id='word_1_28' title='bbox 115 517 268 572; x_wconf 55' lang='lat' dir='ltr'>secundum</span> <span class='ocrx_word' id='word_1_29' title='bbox 280 535 367 588; x_wconf 61' lang='lat' dir='ltr'>opem</span> <span class='ocrx_word' id='word_1_30' title='bbox 379 513 489 586; x_wconf 43' lang='lat' dir='ltr'>msam,</span> <span class='ocrx_word' id='word_1_31' title='bbox 515 513 601 558; x_wconf 88' lang='lat' dir='ltr'>nostra</span> <span class='ocrx_word' id='word_1_32' title='bbox 613 509 702 568; x_wconf 79' lang='lat' dir='ltr'>terant</span> <span class='ocrx_word' id='word_1_33' title='bbox 714 514 783 561; x_wconf 86' lang='lat' dir='ltr'>euim</span> <span class='ocrx_word' id='word_1_34' title='bbox 799 512 880 576; x_wconf 88' lang='lat' dir='ltr'>mala)</span> <span class='ocrx_word' id='word_1_35' title='bbox 891 549 899 572; x_wconf 89' lang='lat'>,</span> <span class='ocrx_word' id='word_1_36' title='bbox 911 514 956 564; x_wconf 83' lang='lat' dir='ltr'>sed</span> <span class='ocrx_word' id='word_1_37' title='bbox 970 527 1000 566; x_wconf 83' lang='lat' dir='ltr'>ax</span> <span class='ocrx_word' id='word_1_38' title='bbox 1015 515 1113 568; x_wconf 84' lang='lat' dir='ltr'>liberali</span> 
     </span>
    </p>
   </div>
   <div class='ocr_carea' id='block_1_4' title="bbox 62 577 1113 666">
    <p class='ocr_par' dir='ltr' id='par_1_4' title="bbox 62 577 1113 666">
     <span class='ocr_line' id='line_1_5' title="bbox 62 577 1113 666; baseline 0.001 -33"><span class='ocrx_word' id='word_1_39' title='bbox 62 593 101 644; x_wconf 73' lang='lat' dir='ltr'>sed</span> <span class='ocrx_word' id='word_1_40' title='bbox 129 595 286 649; x_wconf 48' lang='lat' dir='ltr'>secundam</span> <span class='ocrx_word' id='word_1_41' title='bbox 318 601 490 666; x_wconf 53' lang='lat' dir='ltr'>propositum</span> <span class='ocrx_word' id='word_1_42' title='bbox 514 577 668 640; x_wconf 84' lang='lat' dir='ltr'>beneplacita</span> <span class='ocrx_word' id='word_1_43' title='bbox 687 591 748 640; x_wconf 86' lang='lat' dir='ltr'>suc,</span> <span class='ocrx_word' id='word_1_44' title='bbox 768 592 817 641; x_wconf 83' lang='lat' dir='ltr'>quo</span> <span class='ocrx_word' id='word_1_45' title='bbox 839 580 950 631; x_wconf 83' lang='lat' dir='ltr'>decrevit</span> <span class='ocrx_word' id='word_1_46' title='bbox 968 582 1000 632; x_wconf 87' lang='lat' dir='ltr'>ab</span> <span class='ocrx_word' id='word_1_47' title='bbox 1018 587 1113 634; x_wconf 79' lang='lat' dir='ltr'>aeterno</span> 
     </span>
    </p>
   </div>
   <div class='ocr_carea' id='block_1_5' title="bbox 60 646 1112 763">
    <p class='ocr_par' dir='ltr' id='par_1_5' title="bbox 60 646 1112 763">
     <span class='ocr_line' id='line_1_6' title="bbox 60 646 1112 762; baseline -0.013 -48"><span class='ocrx_word' id='word_1_48' title='bbox 60 681 142 733; x_wconf 67' lang='lat' dir='ltr'>suum,</span> <span class='ocrx_word' id='word_1_49' title='bbox 155 677 183 724; x_wconf 64' lang='lat' dir='ltr'>et</span> <span class='ocrx_word' id='word_1_50' title='bbox 200 675 323 739; x_wconf 59' lang='lat' dir='ltr'>gratiam</span> <span class='ocrx_word' id='word_1_51' title='bbox 344 691 407 744; x_wconf 53' lang='grc' dir='ltr'><strong>Μ</strong></span> <span class='ocrx_word' id='word_1_52' title='bbox 426 679 488 732; x_wconf 57' lang='lat' dir='ltr'>dam</span> <span class='ocrx_word' id='word_1_53' title='bbox 513 648 619 762; x_wconf 46' lang='lat' dir='ltr'>&amp;flatilia</span> <span class='ocrx_word' id='word_1_54' title='bbox 627 647 700 696; x_wconf 87' lang='lat' dir='ltr'>nubis</span> <span class='ocrx_word' id='word_1_55' title='bbox 710 646 779 708; x_wconf 86' lang='lat' dir='ltr'>dare,</span> <span class='ocrx_word' id='word_1_56' title='bbox 790 649 884 698; x_wconf 91' lang='lat' dir='ltr'>iutuitu</span> <span class='ocrx_word' id='word_1_57' title='bbox 895 652 1043 700; x_wconf 81' lang='lat' dir='ltr'>mentorum</span> <span class='ocrx_word' id='word_1_58' title='bbox 1053 653 1112 704; x_wconf 86' lang='lat' dir='ltr'>tesn</span> 
     </span>
     <span class='ocr_line' id='line_1_7' title="bbox 551 725 614 763; baseline 0 -1"><span class='ocrx_word' id='word_1_59' title='bbox 551 725 585 763; x_wconf 88' lang='lat' dir='ltr'>us</span> <span class='ocrx_word' id='word_1_60' title='bbox 607 746 614 762; x_wconf 83' lang='lat'><em>.</em></span> 
     </span>
    </p>
   </div>
   <div class='ocr_carea' id='block_1_6' title="bbox 60 747 489 890">
    <p class='ocr_par' dir='ltr' id='par_1_6' title="bbox 60 747 489 890">
     <span class='ocr_line' id='line_1_8' title="bbox 61 747 489 808; baseline 0.035 -15"><span class='ocrx_word' id='word_1_61' title='bbox 61 749 93 794; x_wconf 86' lang='lat' dir='ltr'>ast</span> <span class='ocrx_word' id='word_1_62' title='bbox 104 747 178 800; x_wconf 87' lang='lat' dir='ltr'>nobis</span> <span class='ocrx_word' id='word_1_63' title='bbox 187 747 216 802; x_wconf 87' lang='lat' dir='ltr'>in</span> <span class='ocrx_word' id='word_1_64' title='bbox 225 747 342 806; x_wconf 83' lang='lat' dir='ltr'>Christo</span> <span class='ocrx_word' id='word_1_65' title='bbox 350 757 416 808; x_wconf 82' lang='lat' dir='ltr'>lesu</span> <span class='ocrx_word' id='word_1_66' title='bbox 424 761 489 808; x_wconf 88' lang='lat' dir='ltr'>ante</span> 
     </span>
     <span class='ocr_line' id='line_1_9' title="bbox 60 825 335 890; baseline 0.044 -17"><span class='ocrx_word' id='word_1_67' title='bbox 60 825 168 890; x_wconf 84' lang='lat' dir='ltr'>tempora</span> <span class='ocrx_word' id='word_1_68' title='bbox 184 829 335 884; x_wconf 82' lang='lat' dir='ltr'>secularia.</span> 
     </span>
    </p>
   </div>
   <div class='ocr_carea' id='block_1_7' title="bbox 59 904 1111 1132">
    <p class='ocr_par' dir='ltr' id='par_1_7' title="bbox 59 904 1111 1132">
     <span class='ocr_line' id='line_1_10' title="bbox 84 904 1111 978; baseline 0.014 -26"><span class='ocrx_word' id='word_1_69' title='bbox 84 904 123 954; x_wconf 86' lang='lat' dir='ltr'>io.</span> <span class='ocrx_word' id='word_1_70' title='bbox 142 905 316 960; x_wconf 86' lang='lat' dir='ltr'>llanilestata</span> <span class='ocrx_word' id='word_1_71' title='bbox 335 915 376 962; x_wconf 83' lang='lat' dir='ltr'>est</span> <span class='ocrx_word' id='word_1_72' title='bbox 395 917 487 965; x_wconf 86' lang='lat' dir='ltr'>autem</span> <span class='ocrx_word' id='word_1_73' title='bbox 541 909 617 972; x_wconf 83' lang='lat' dir='ltr'>(llaec</span> <span class='ocrx_word' id='word_1_74' title='bbox 632 909 676 960; x_wconf 83' lang='lat' dir='ltr'>tici</span> <span class='ocrx_word' id='word_1_75' title='bbox 687 911 804 962; x_wconf 81' lang='lat' dir='ltr'>uoluntas</span> <span class='ocrx_word' id='word_1_76' title='bbox 817 912 845 963; x_wconf 94' lang='lat' dir='ltr'>ln</span> <span class='ocrx_word' id='word_1_77' title='bbox 856 914 907 965; x_wconf 84' lang='lat' dir='ltr'>lieu</span> <span class='ocrx_word' id='word_1_78' title='bbox 921 915 1024 978; x_wconf 84' lang='lat' dir='ltr'>quidem</span> <span class='ocrx_word' id='word_1_79' title='bbox 1037 918 1111 970; x_wconf 81' lang='lat' dir='ltr'>latuit</span> 
     </span>
     <span class='ocr_line' id='line_1_11' title="bbox 60 978 1110 1044; baseline 0.012 -18"><span class='ocrx_word' id='word_1_80' title='bbox 60 989 120 1029; x_wconf 88' lang='lat' dir='ltr'>nunc</span> <span class='ocrx_word' id='word_1_81' title='bbox 127 993 175 1044; x_wconf 77' lang='lat' dir='ltr'>per</span> <span class='ocrx_word' id='word_1_82' title='bbox 184 982 421 1038; x_wconf 70' lang='lat' dir='ltr'>illuminationem</span> <span class='ocrx_word' id='word_1_83' title='bbox 433 988 488 1041; x_wconf 63' lang='lat' dir='ltr'>sat.</span> <span class='ocrx_word' id='word_1_84' title='bbox 509 979 541 1028; x_wconf 89' lang='lat' dir='ltr'>ab</span> <span class='ocrx_word' id='word_1_85' title='bbox 561 978 684 1042; x_wconf 76' lang='lat' dir='ltr'>aterno),</span> <span class='ocrx_word' id='word_1_86' title='bbox 705 994 775 1032; x_wconf 88' lang='lat' dir='ltr'>nunc</span> <span class='ocrx_word' id='word_1_87' title='bbox 795 987 883 1034; x_wconf 82' lang='lat' dir='ltr'>autem</span> <span class='ocrx_word' id='word_1_88' title='bbox 899 986 925 1034; x_wconf 93' lang='lat' dir='ltr'>lu</span> <span class='ocrx_word' id='word_1_89' title='bbox 945 990 1110 1040; x_wconf 79' lang='lat' dir='ltr'>talemundo</span> 
     </span>
     <span class='ocr_line' id='line_1_12' title="bbox 59 1046 1110 1132; baseline 0.012 -37"><span class='ocrx_word' id='word_1_90' title='bbox 59 1057 142 1110; x_wconf 64' lang='lat' dir='ltr'>catoris</span> <span class='ocrx_word' id='word_1_91' title='bbox 158 1061 251 1114; x_wconf 58' lang='lat' dir='ltr'>noga„</span> <span class='ocrx_word' id='word_1_92' title='bbox 277 1061 346 1116; x_wconf 63' lang='lat' dir='ltr'>jesu</span> <span class='ocrx_word' id='word_1_93' title='bbox 369 1059 485 1132; x_wconf 55' lang='lat' dir='ltr'>emisti,</span> <span class='ocrx_word' id='word_1_94' title='bbox 509 1046 669 1098; x_wconf 79' lang='lat' dir='ltr'>manifestata</span> <span class='ocrx_word' id='word_1_95' title='bbox 681 1053 719 1098; x_wconf 85' lang='lat' dir='ltr'>est</span> <span class='ocrx_word' id='word_1_96' title='bbox 733 1061 778 1113; x_wconf 80' lang='lat' dir='ltr'>per</span> <span class='ocrx_word' id='word_1_97' title='bbox 788 1050 926 1104; x_wconf 80' lang='lat' dir='ltr'>adveutum</span> <span class='ocrx_word' id='word_1_98' title='bbox 943 1054 1002 1106; x_wconf 83' lang='lat' dir='ltr'>lesa</span> <span class='ocrx_word' id='word_1_99' title='bbox 1017 1056 1110 1113; x_wconf 82' lang='lat' dir='ltr'>Clutstt</span> 
     </span>
    </p>
   </div>
   <div class='ocr_carea' id='block_1_8' title="bbox 60 1175 1106 1210">
    <p class='ocr_par' dir='ltr' id='par_1_8' title="bbox 60 1175 1106 1210">
     <span class='ocr_line' id='line_1_13' title="bbox 60 1175 1106 1210; baseline 0.012 -20"><span class='ocrx_word' id='word_1_100' title='bbox 60 1175 1106 1210; x_wconf 71' lang='grc'>--........-.-....-...-.-.,,,-,,,,,,,</span> 
     </span>
    </p>
   </div>
   <div class='ocr_carea' id='block_1_9' title="bbox 59 1249 1101 1326">
    <p class='ocr_par' dir='ltr' id='par_1_9' title="bbox 59 1249 1101 1326">
     <span class='ocr_line' id='line_1_14' title="bbox 59 1249 1101 1326; baseline 0.024 -30"><span class='ocrx_word' id='word_1_101' title='bbox 59 1250 77 1296; x_wconf 88' lang='lat' dir='ltr'>et</span> <span class='ocrx_word' id='word_1_102' title='bbox 86 1249 169 1302; x_wconf 88' lang='lat' dir='ltr'>landas</span> <span class='ocrx_word' id='word_1_103' title='bbox 183 1255 211 1305; x_wconf 90' lang='lat' dir='ltr'>in</span> <span class='ocrx_word' id='word_1_104' title='bbox 222 1258 378 1318; x_wconf 80' lang='lat' dir='ltr'>occasione,</span> <span class='ocrx_word' id='word_1_105' title='bbox 394 1259 416 1308; x_wconf 87' lang='lat' dir='ltr'>si</span> <span class='ocrx_word' id='word_1_106' title='bbox 427 1257 479 1309; x_wconf 85' lang='lat' dir='ltr'>tuis</span> <span class='ocrx_word' id='word_1_107' title='bbox 489 1257 602 1314; x_wconf 77' lang='lat' dir='ltr'>diffluens</span> <span class='ocrx_word' id='word_1_108' title='bbox 620 1259 730 1321; x_wconf 74' lang='lat' dir='ltr'>caicus,</span> <span class='ocrx_word' id='word_1_109' title='bbox 745 1263 774 1312; x_wconf 88' lang='lat' dir='ltr'>tu</span> <span class='ocrx_word' id='word_1_110' title='bbox 790 1265 817 1311; x_wconf 88' lang='lat' dir='ltr'>te</span> <span class='ocrx_word' id='word_1_111' title='bbox 834 1265 952 1326; x_wconf 73' lang='lat' dir='ltr'>projicies</span> <span class='ocrx_word' id='word_1_112' title='bbox 971 1267 998 1316; x_wconf 93' lang='lat' dir='ltr'>in</span> <span class='ocrx_word' id='word_1_113' title='bbox 1011 1267 1101 1323; x_wconf 78' lang='lat' dir='ltr'>Deuca.</span> 
     </span>
    </p>
   </div>
   <div class='ocr_carea' id='block_1_10' title="bbox 61 1336 1106 1688">
    <p class='ocr_par' dir='ltr' id='par_1_10' title="bbox 84 1336 384 1394">
     <span class='ocr_line' id='line_1_15' title="bbox 84 1336 384 1394; baseline 0.033 -13"><span class='ocrx_word' id='word_1_114' title='bbox 84 1337 103 1383; x_wconf 83' lang='grc'>9.</span> <span class='ocrx_word' id='word_1_115' title='bbox 115 1336 159 1394; x_wconf 75' lang='lat' dir='ltr'>aaa·</span> <span class='ocrx_word' id='word_1_116' title='bbox 170 1353 216 1388; x_wconf 85' lang='lat' dir='ltr'>aua</span> <span class='ocrx_word' id='word_1_117' title='bbox 229 1339 384 1392; x_wconf 76' lang='lat' dir='ltr'>liberavit...</span> 
     </span>
    </p>

    <p class='ocr_par' dir='ltr' id='par_1_11' title="bbox 61 1401 1106 1540">
     <span class='ocr_line' id='line_1_16' title="bbox 82 1401 1106 1475; baseline 0.021 -25"><span class='ocrx_word' id='word_1_118' title='bbox 82 1401 186 1457; x_wconf 84' lang='lat' dir='ltr'>llatiancs</span> <span class='ocrx_word' id='word_1_119' title='bbox 202 1409 279 1459; x_wconf 81' lang='lat' dir='ltr'>silent</span> <span class='ocrx_word' id='word_1_120' title='bbox 294 1413 430 1463; x_wconf 74' lang='lat' dir='ltr'><strong>incitantes</strong></span> <span class='ocrx_word' id='word_1_121' title='bbox 444 1416 470 1462; x_wconf 87' lang='lat' dir='ltr'>et</span> <span class='ocrx_word' id='word_1_122' title='bbox 486 1412 649 1464; x_wconf 80' lang='lat' dir='ltr'>adiunctam</span> <span class='ocrx_word' id='word_1_123' title='bbox 661 1415 688 1464; x_wconf 90' lang='lat' dir='ltr'>ln</span> <span class='ocrx_word' id='word_1_124' title='bbox 700 1412 796 1475; x_wconf 84' lang='lat' dir='ltr'>iteum,</span> <span class='ocrx_word' id='word_1_125' title='bbox 808 1418 833 1466; x_wconf 84' lang='lat' dir='ltr'>ct</span> <span class='ocrx_word' id='word_1_126' title='bbox 853 1415 885 1465; x_wconf 78' lang='lat' dir='ltr'>ati</span> <span class='ocrx_word' id='word_1_127' title='bbox 903 1411 1067 1470; x_wconf 86' lang='lat' dir='ltr'>laborandum</span> <span class='ocrx_word' id='word_1_128' title='bbox 1081 1425 1106 1472; x_wconf 90' lang='lat' dir='ltr'>et</span> 
     </span>
     <span class='ocr_line' id='line_1_17' title="bbox 61 1473 326 1540; baseline 0.042 -22"><span class='ocrx_word' id='word_1_129' title='bbox 61 1473 186 1535; x_wconf 72' lang='lat' dir='ltr'>pallendum</span> <span class='ocrx_word' id='word_1_130' title='bbox 199 1489 247 1540; x_wconf 85' lang='lat' dir='ltr'>pru</span> <span class='ocrx_word' id='word_1_131' title='bbox 260 1477 326 1529; x_wconf 86' lang='lat' dir='ltr'>Deo.</span> 
     </span>
    </p>

    <p class='ocr_par' dir='ltr' id='par_1_12' title="bbox 83 1539 859 1614">
     <span class='ocr_line' id='line_1_18' title="bbox 83 1539 859 1614; baseline 0.017 -24"><span class='ocrx_word' id='word_1_132' title='bbox 83 1539 187 1608; x_wconf 77' lang='lat' dir='ltr'>Scilicet,</span> <span class='ocrx_word' id='word_1_133' title='bbox 199 1559 247 1597; x_wconf 89' lang='lat' dir='ltr'>nos</span> <span class='ocrx_word' id='word_1_134' title='bbox 260 1547 379 1600; x_wconf 80' lang='lat' dir='ltr'>liberauit</span> <span class='ocrx_word' id='word_1_135' title='bbox 387 1553 414 1600; x_wconf 94' lang='lat' dir='ltr'>ln</span> <span class='ocrx_word' id='word_1_136' title='bbox 425 1553 551 1614; x_wconf 86' lang='lat' dir='ltr'>tempere,</span> <span class='ocrx_word' id='word_1_137' title='bbox 563 1563 609 1602; x_wconf 85' lang='lat' dir='ltr'>nos</span> <span class='ocrx_word' id='word_1_138' title='bbox 620 1551 706 1602; x_wconf 85' lang='lat' dir='ltr'>ditexit</span> <span class='ocrx_word' id='word_1_139' title='bbox 716 1551 748 1601; x_wconf 92' lang='lat' dir='ltr'>ab</span> <span class='ocrx_word' id='word_1_140' title='bbox 757 1556 859 1603; x_wconf 84' lang='lat' dir='ltr'>aeterno.</span> 
     </span>
    </p>

    <p class='ocr_par' dir='ltr' id='par_1_13' title="bbox 86 1616 1021 1688">
     <span class='ocr_line' id='line_1_19' title="bbox 86 1616 1021 1688; baseline 0.016 -23"><span class='ocrx_word' id='word_1_141' title='bbox 86 1616 128 1673; x_wconf 72' lang='lat' dir='ltr'>Oai</span> <span class='ocrx_word' id='word_1_142' title='bbox 140 1632 183 1668; x_wconf 80' lang='lat' dir='ltr'>acc</span> <span class='ocrx_word' id='word_1_143' title='bbox 195 1620 328 1673; x_wconf 79' lang='lat' dir='ltr'>liberauit.</span> <span class='ocrx_word' id='word_1_144' title='bbox 339 1623 384 1674; x_wconf 89' lang='lat' dir='ltr'>Gr.</span> <span class='ocrx_word' id='word_1_145' title='bbox 393 1625 514 1688; x_wconf 79' lang='lat' dir='ltr'>salvavit,</span> <span class='ocrx_word' id='word_1_146' title='bbox 527 1625 623 1676; x_wconf 81' lang='lat' dir='ltr'>scillcet</span> <span class='ocrx_word' id='word_1_147' title='bbox 634 1627 728 1676; x_wconf 74' lang='lat' dir='ltr'>avitiis</span> <span class='ocrx_word' id='word_1_148' title='bbox 745 1630 770 1676; x_wconf 90' lang='lat' dir='ltr'>et</span> <span class='ocrx_word' id='word_1_149' title='bbox 780 1627 812 1676; x_wconf 90' lang='lat' dir='ltr'>ab</span> <span class='ocrx_word' id='word_1_150' title='bbox 824 1632 916 1678; x_wconf 82' lang='lat' dir='ltr'>aeterna</span> <span class='ocrx_word' id='word_1_151' title='bbox 929 1633 1021 1681; x_wconf 79' lang='lat' dir='ltr'>morte.</span> 
     </span>
    </p>
   </div>
   <div class='ocr_carea' id='block_1_11' title="bbox 61 1689 1102 2034">
    <p class='ocr_par' dir='ltr' id='par_1_14' title="bbox 61 1689 1102 1834">
     <span class='ocr_line' id='line_1_20' title="bbox 84 1689 1102 1768; baseline 0.019 -31"><span class='ocrx_word' id='word_1_152' title='bbox 84 1689 108 1738; x_wconf 90' lang='lat' dir='ltr'>lit</span> <span class='ocrx_word' id='word_1_153' title='bbox 116 1695 226 1746; x_wconf 79' lang='lat' dir='ltr'>cacavit:</span> <span class='ocrx_word' id='word_1_154' title='bbox 239 1697 351 1760; x_wconf 88' lang='lat' dir='ltr'>explicat</span> <span class='ocrx_word' id='word_1_155' title='bbox 364 1700 469 1750; x_wconf 88' lang='lat' dir='ltr'>modum</span> <span class='ocrx_word' id='word_1_156' title='bbox 481 1709 531 1761; x_wconf 86' lang='lat' dir='ltr'>quo</span> <span class='ocrx_word' id='word_1_157' title='bbox 543 1713 589 1750; x_wconf 88' lang='lat' dir='ltr'>nos</span> <span class='ocrx_word' id='word_1_158' title='bbox 599 1701 619 1750; x_wconf 79' lang='lat' dir='ltr'>a</span> <span class='ocrx_word' id='word_1_159' title='bbox 625 1703 694 1750; x_wconf 79' lang='lat' dir='ltr'>vitiis</span> <span class='ocrx_word' id='word_1_160' title='bbox 706 1701 753 1750; x_wconf 78' lang='lat' dir='ltr'>etl</span> <span class='ocrx_word' id='word_1_161' title='bbox 769 1705 850 1750; x_wconf 84' lang='lat' dir='ltr'>morte</span> <span class='ocrx_word' id='word_1_162' title='bbox 860 1701 981 1754; x_wconf 79' lang='lat' dir='ltr'>salvavit:</span> <span class='ocrx_word' id='word_1_163' title='bbox 992 1702 1102 1768; x_wconf 85' lang='lat' dir='ltr'>scilicet,</span> 
     </span>
     <span class='ocr_line' id='line_1_21' title="bbox 61 1759 995 1834; baseline 0.02 -30"><span class='ocrx_word' id='word_1_164' title='bbox 61 1759 105 1817; x_wconf 80' lang='lat' dir='ltr'>uuis</span> <span class='ocrx_word' id='word_1_165' title='bbox 116 1765 209 1814; x_wconf 80' lang='lat' dir='ltr'>vocavit</span> <span class='ocrx_word' id='word_1_166' title='bbox 219 1779 267 1816; x_wconf 87' lang='lat' dir='ltr'>nos</span> <span class='ocrx_word' id='word_1_167' title='bbox 277 1767 312 1816; x_wconf 89' lang='lat' dir='ltr'>ad</span> <span class='ocrx_word' id='word_1_168' title='bbox 323 1779 410 1818; x_wconf 85' lang='lat' dir='ltr'>veram</span> <span class='ocrx_word' id='word_1_169' title='bbox 422 1771 479 1818; x_wconf 83' lang='lat' dir='ltr'>vltae</span> <span class='ocrx_word' id='word_1_170' title='bbox 488 1772 662 1834; x_wconf 80' lang='lat' dir='ltr'>sanctitatem,</span> <span class='ocrx_word' id='word_1_171' title='bbox 672 1783 716 1819; x_wconf 88' lang='lat' dir='ltr'>seu</span> <span class='ocrx_word' id='word_1_172' title='bbox 730 1770 762 1819; x_wconf 85' lang='lat' dir='ltr'>ad</span> <span class='ocrx_word' id='word_1_173' title='bbox 771 1769 995 1823; x_wconf 78' lang='lat' dir='ltr'>christianismum.</span> 
     </span>
    </p>

    <p class='ocr_par' dir='ltr' id='par_1_15' title="bbox 63 1831 1101 1970">
     <span class='ocr_line' id='line_1_22' title="bbox 86 1831 1101 1911; baseline 0.021 -32"><span class='ocrx_word' id='word_1_174' title='bbox 86 1831 202 1889; x_wconf 77' lang='lat' dir='ltr'>locatione</span> <span class='ocrx_word' id='word_1_175' title='bbox 219 1842 331 1902; x_wconf 74' lang='lat' dir='ltr'>sanctu,</span> <span class='ocrx_word' id='word_1_176' title='bbox 350 1843 376 1892; x_wconf 85' lang='lat' dir='ltr'>ld</span> <span class='ocrx_word' id='word_1_177' title='bbox 396 1846 449 1908; x_wconf 88' lang='lat' dir='ltr'>cst,</span> <span class='ocrx_word' id='word_1_178' title='bbox 462 1845 593 1894; x_wconf 85' lang='lat' dir='ltr'>vocatione</span> <span class='ocrx_word' id='word_1_179' title='bbox 610 1841 643 1892; x_wconf 85' lang='lat' dir='ltr'>ad</span> <span class='ocrx_word' id='word_1_180' title='bbox 656 1845 834 1908; x_wconf 87' lang='lat' dir='ltr'>sanctitatem,</span> <span class='ocrx_word' id='word_1_181' title='bbox 846 1857 904 1906; x_wconf 88' lang='lat' dir='ltr'>scu,</span> <span class='ocrx_word' id='word_1_182' title='bbox 916 1849 945 1896; x_wconf 88' lang='lat' dir='ltr'>ut</span> <span class='ocrx_word' id='word_1_183' title='bbox 959 1847 993 1896; x_wconf 87' lang='lat' dir='ltr'>ad</span> <span class='ocrx_word' id='word_1_184' title='bbox 1010 1845 1101 1911; x_wconf 74' lang='lat' dir='ltr'>unam,</span> 
     </span>
     <span class='ocr_line' id='line_1_23' title="bbox 63 1907 904 1970; baseline 0.03 -21"><span class='ocrx_word' id='word_1_185' title='bbox 63 1910 105 1962; x_wconf 75' lang='lat' dir='ltr'>cap.</span> <span class='ocrx_word' id='word_1_186' title='bbox 117 1907 136 1952; x_wconf 92' lang='lat' dir='ltr'>t.</span> <span class='ocrx_word' id='word_1_187' title='bbox 147 1911 174 1955; x_wconf 80' lang='lat' dir='ltr'>ut</span> <span class='ocrx_word' id='word_1_188' title='bbox 187 1910 270 1960; x_wconf 80' lang='lat' dir='ltr'>cintus</span> <span class='ocrx_word' id='word_1_189' title='bbox 281 1911 363 1962; x_wconf 75' lang='lat' dir='ltr'>suncti</span> <span class='ocrx_word' id='word_1_190' title='bbox 369 1950 378 1970; x_wconf 93' lang='lat'>,</span> <span class='ocrx_word' id='word_1_191' title='bbox 386 1917 431 1961; x_wconf 85' lang='lat' dir='ltr'>etc.</span> <span class='ocrx_word' id='word_1_192' title='bbox 900 1927 904 1935; x_wconf 94' lang='lat'>&#39;</span> 
     </span>
    </p>

    <p class='ocr_par' dir='ltr' id='par_1_16' title="bbox 83 1969 389 2034">
     <span class='ocr_line' id='line_1_24' title="bbox 83 1969 389 2034; baseline 0.042 -15"><span class='ocrx_word' id='word_1_193' title='bbox 83 1969 105 2018; x_wconf 93' lang='lat' dir='ltr'>lu</span> <span class='ocrx_word' id='word_1_194' title='bbox 118 1973 197 2026; x_wconf 81' lang='lat' dir='ltr'>tlraeco</span> <span class='ocrx_word' id='word_1_195' title='bbox 209 1991 263 2029; x_wconf 89' lang='lat' dir='ltr'>non</span> <span class='ocrx_word' id='word_1_196' title='bbox 278 1981 389 2034; x_wconf 75' lang='lat' dir='ltr'>estest.</span> 
     </span>
    </p>
   </div>
   <div class='ocr_carea' id='block_1_12' title="bbox 62 2044 1100 3316">
    <p class='ocr_par' dir='ltr' id='par_1_17' title="bbox 62 2044 1100 2188">
     <span class='ocr_line' id='line_1_25' title="bbox 84 2044 1100 2119; baseline 0.015 -27"><span class='ocrx_word' id='word_1_197' title='bbox 84 2044 269 2104; x_wconf 72' lang='lat' dir='ltr'>lacescendum</span> <span class='ocrx_word' id='word_1_198' title='bbox 282 2068 361 2117; x_wconf 81' lang='lat' dir='ltr'>opera</span> <span class='ocrx_word' id='word_1_199' title='bbox 372 2059 459 2106; x_wconf 82' lang='lat' dir='ltr'>nostru</span> <span class='ocrx_word' id='word_1_200' title='bbox 467 2092 476 2114; x_wconf 88' lang='lat'>,</span> <span class='ocrx_word' id='word_1_201' title='bbox 483 2057 556 2105; x_wconf 87' lang='lat' dir='ltr'>erant</span> <span class='ocrx_word' id='word_1_202' title='bbox 571 2057 640 2104; x_wconf 85' lang='lat' dir='ltr'>enlm</span> <span class='ocrx_word' id='word_1_203' title='bbox 651 2051 728 2104; x_wconf 89' lang='lat' dir='ltr'>mala.</span> <span class='ocrx_word' id='word_1_204' title='bbox 739 2053 787 2119; x_wconf 61' lang='lat' dir='ltr'>Saul</span> <span class='ocrx_word' id='word_1_205' title='bbox 798 2051 932 2103; x_wconf 78' lang='lat' dir='ltr'>secundalm</span> <span class='ocrx_word' id='word_1_206' title='bbox 943 2056 1100 2118; x_wconf 74' lang='lat' dir='ltr'>propositam</span> 
     </span>
     <span class='ocr_line' id='line_1_26' title="bbox 62 2117 960 2188; baseline 0.012 -28"><span class='ocrx_word' id='word_1_207' title='bbox 62 2118 173 2170; x_wconf 69' lang='lat' dir='ltr'>suanus.</span> <span class='ocrx_word' id='word_1_208' title='bbox 189 2123 233 2172; x_wconf 85' lang='lat' dir='ltr'>sed</span> <span class='ocrx_word' id='word_1_209' title='bbox 247 2123 391 2174; x_wconf 83' lang='lat' dir='ltr'>secundum</span> <span class='ocrx_word' id='word_1_210' title='bbox 404 2123 535 2188; x_wconf 78' lang='lat' dir='ltr'>proprium</span> <span class='ocrx_word' id='word_1_211' title='bbox 547 2123 704 2187; x_wconf 80' lang='lat' dir='ltr'>propositum</span> <span class='ocrx_word' id='word_1_212' title='bbox 715 2135 760 2167; x_wconf 78' lang='grc' dir='ltr'>κατ</span> <span class='ocrx_word' id='word_1_213' title='bbox 769 2117 829 2167; x_wconf 68' lang='grc' dir='ltr'><strong><em>ἰδίαν</em></strong></span> <span class='ocrx_word' id='word_1_214' title='bbox 843 2121 960 2186; x_wconf 70' lang='grc' dir='ltr'><strong>πρόθεσιν.</strong></span> 
     </span>
    </p>

    <p class='ocr_par' dir='ltr' id='par_1_18' title="bbox 82 2181 647 2251">
     <span class='ocr_line' id='line_1_27' title="bbox 82 2181 647 2251; baseline -0.007 -7"><span class='ocrx_word' id='word_1_215' title='bbox 82 2181 128 2244; x_wconf 72' lang='lat' dir='ltr'>Sli-</span> <span class='ocrx_word' id='word_1_216' title='bbox 140 2188 181 2237; x_wconf 87' lang='lat' dir='ltr'>sed</span> <span class='ocrx_word' id='word_1_217' title='bbox 191 2191 265 2251; x_wconf 79' lang='lat' dir='ltr'>Juxta</span> <span class='ocrx_word' id='word_1_218' title='bbox 283 2190 441 2244; x_wconf 78' lang='lat' dir='ltr'>voluntatem</span> <span class='ocrx_word' id='word_1_219' title='bbox 451 2205 533 2244; x_wconf 89' lang='lat' dir='ltr'>suam.</span> <span class='ocrx_word' id='word_1_220' title='bbox 645 2237 647 2240; x_wconf 86' lang='lat'>.</span> 
     </span>
    </p>

    <p class='ocr_par' dir='ltr' id='par_1_19' title="bbox 62 2249 1100 2392">
     <span class='ocr_line' id='line_1_28' title="bbox 81 2249 1100 2324; baseline 0.016 -26"><span class='ocrx_word' id='word_1_221' title='bbox 81 2249 103 2300; x_wconf 87' lang='lat' dir='ltr'>ll</span> <span class='ocrx_word' id='word_1_222' title='bbox 113 2257 158 2317; x_wconf 87' lang='lat' dir='ltr'>est,</span> <span class='ocrx_word' id='word_1_223' title='bbox 170 2268 199 2308; x_wconf 84' lang='lat' dir='ltr'>ax</span> <span class='ocrx_word' id='word_1_224' title='bbox 212 2259 314 2311; x_wconf 82' lang='lat' dir='ltr'>liberali</span> <span class='ocrx_word' id='word_1_225' title='bbox 326 2275 372 2312; x_wconf 90' lang='lat' dir='ltr'>suc</span> <span class='ocrx_word' id='word_1_226' title='bbox 382 2261 537 2324; x_wconf 77' lang='lat' dir='ltr'>beneplacito</span> <span class='ocrx_word' id='word_1_227' title='bbox 546 2280 552 2311; x_wconf 73' lang='grc' dir='ltr'><strong>ι</strong></span> <span class='ocrx_word' id='word_1_228' title='bbox 561 2257 586 2310; x_wconf 76' lang='lat' dir='ltr'>ct</span> <span class='ocrx_word' id='word_1_229' title='bbox 597 2273 627 2310; x_wconf 85' lang='lat' dir='ltr'>ex</span> <span class='ocrx_word' id='word_1_230' title='bbox 638 2259 736 2310; x_wconf 84' lang='lat' dir='ltr'>decreto</span> <span class='ocrx_word' id='word_1_231' title='bbox 749 2271 799 2322; x_wconf 82' lang='lat' dir='ltr'>qua</span> <span class='ocrx_word' id='word_1_232' title='bbox 810 2259 882 2310; x_wconf 84' lang='lat' dir='ltr'>nahts</span> <span class='ocrx_word' id='word_1_233' title='bbox 892 2259 925 2310; x_wconf 88' lang='lat' dir='ltr'>ab</span> <span class='ocrx_word' id='word_1_234' title='bbox 937 2261 1030 2314; x_wconf 80' lang='lat' dir='ltr'>aterno</span> <span class='ocrx_word' id='word_1_235' title='bbox 1041 2259 1100 2322; x_wconf 70' lang='lat' dir='ltr'>darc</span> 
     </span>
     <span class='ocr_line' id='line_1_29' title="bbox 62 2315 665 2392; baseline 0.018 -24"><span class='ocrx_word' id='word_1_236' title='bbox 62 2315 152 2374; x_wconf 83' lang='lat' dir='ltr'>tarent</span> <span class='ocrx_word' id='word_1_237' title='bbox 162 2333 284 2392; x_wconf 82' lang='lat' dir='ltr'>gratiam,</span> <span class='ocrx_word' id='word_1_238' title='bbox 294 2333 390 2382; x_wconf 85' lang='lat' dir='ltr'>iutuitu</span> <span class='ocrx_word' id='word_1_239' title='bbox 403 2334 552 2382; x_wconf 87' lang='lat' dir='ltr'>meritorum</span> <span class='ocrx_word' id='word_1_240' title='bbox 563 2331 665 2380; x_wconf 86' lang='lat' dir='ltr'>Christi.</span> 
     </span>
    </p>

    <p class='ocr_par' dir='ltr' id='par_1_20' title="bbox 86 2395 560 2466">
     <span class='ocr_line' id='line_1_30' title="bbox 86 2395 560 2466; baseline 0.004 -14"><span class='ocrx_word' id='word_1_241' title='bbox 86 2395 135 2452; x_wconf 75' lang='lat' dir='ltr'>01⁴oe</span> <span class='ocrx_word' id='word_1_242' title='bbox 142 2401 200 2452; x_wconf 83' lang='lat' dir='ltr'>duta</span> <span class='ocrx_word' id='word_1_243' title='bbox 215 2411 267 2464; x_wconf 81' lang='lat' dir='ltr'>est,</span> <span class='ocrx_word' id='word_1_244' title='bbox 277 2403 306 2456; x_wconf 83' lang='lat' dir='ltr'>td</span> <span class='ocrx_word' id='word_1_245' title='bbox 318 2408 372 2466; x_wconf 83' lang='lat' dir='ltr'>cst,</span> <span class='ocrx_word' id='word_1_246' title='bbox 386 2403 440 2456; x_wconf 84' lang='lat' dir='ltr'>dari</span> <span class='ocrx_word' id='word_1_247' title='bbox 453 2405 560 2456; x_wconf 85' lang='lat' dir='ltr'>decreta.</span> 
     </span>
    </p>

    <p class='ocr_par' dir='ltr' id='par_1_21' title="bbox 84 2467 814 2541">
     <span class='ocr_line' id='line_1_31' title="bbox 84 2467 814 2541; baseline 0.011 -19"><span class='ocrx_word' id='word_1_248' title='bbox 84 2467 107 2517; x_wconf 81' lang='lat' dir='ltr'>la</span> <span class='ocrx_word' id='word_1_249' title='bbox 119 2473 207 2528; x_wconf 76' lang='lat' dir='ltr'>Cln&#39;cto</span> <span class='ocrx_word' id='word_1_250' title='bbox 218 2481 297 2540; x_wconf 79' lang='lat' dir='ltr'>Jescc,</span> <span class='ocrx_word' id='word_1_251' title='bbox 308 2480 333 2529; x_wconf 87' lang='lat' dir='ltr'>ld</span> <span class='ocrx_word' id='word_1_252' title='bbox 345 2484 397 2541; x_wconf 89' lang='lat' dir='ltr'>est,</span> <span class='ocrx_word' id='word_1_253' title='bbox 408 2481 502 2530; x_wconf 87' lang='lat' dir='ltr'>intuitu</span> <span class='ocrx_word' id='word_1_254' title='bbox 514 2480 620 2541; x_wconf 85' lang='lat' dir='ltr'>Christi,</span> <span class='ocrx_word' id='word_1_255' title='bbox 634 2477 666 2530; x_wconf 83' lang='lat' dir='ltr'>ab</span> <span class='ocrx_word' id='word_1_256' title='bbox 678 2477 814 2530; x_wconf 84' lang='lat' dir='ltr'>Christum.</span> 
     </span>
    </p>

    <p class='ocr_par' dir='ltr' id='par_1_22' title="bbox 85 2546 739 2615">
     <span class='ocr_line' id='line_1_32' title="bbox 85 2546 739 2615; baseline 0.023 -24"><span class='ocrx_word' id='word_1_257' title='bbox 85 2546 135 2596; x_wconf 80' lang='lat' dir='ltr'>inte</span> <span class='ocrx_word' id='word_1_258' title='bbox 146 2555 256 2615; x_wconf 80' lang='lat' dir='ltr'>tempora</span> <span class='ocrx_word' id='word_1_259' title='bbox 268 2555 410 2614; x_wconf 77' lang='lat' dir='ltr'>secularia,</span> <span class='ocrx_word' id='word_1_260' title='bbox 423 2559 482 2606; x_wconf 81' lang='lat' dir='ltr'>anta</span> <span class='ocrx_word' id='word_1_261' title='bbox 494 2554 578 2606; x_wconf 82' lang='lat' dir='ltr'>secula</span> <span class='ocrx_word' id='word_1_262' title='bbox 590 2555 621 2605; x_wconf 85' lang='lat' dir='ltr'>ab</span> <span class='ocrx_word' id='word_1_263' title='bbox 634 2559 739 2606; x_wconf 75' lang='lat' dir='ltr'>aeterna.</span> 
     </span>
    </p>

    <p class='ocr_par' dir='ltr' id='par_1_23' title="bbox 82 2611 981 2688">
     <span class='ocr_line' id='line_1_33' title="bbox 82 2611 981 2688; baseline 0.012 -26"><span class='ocrx_word' id='word_1_264' title='bbox 82 2611 143 2672; x_wconf 80' lang='lat' dir='ltr'>Quasi</span> <span class='ocrx_word' id='word_1_265' title='bbox 154 2620 246 2675; x_wconf 87' lang='lat' dir='ltr'>diceret</span> <span class='ocrx_word' id='word_1_266' title='bbox 260 2646 268 2676; x_wconf 79' lang='lat' dir='ltr'>c</span> <span class='ocrx_word' id='word_1_267' title='bbox 284 2625 376 2686; x_wconf 85' lang='lat' dir='ltr'>Quidni</span> <span class='ocrx_word' id='word_1_268' title='bbox 389 2624 497 2674; x_wconf 84' lang='lat' dir='ltr'>ildamus</span> <span class='ocrx_word' id='word_1_269' title='bbox 508 2627 536 2674; x_wconf 89' lang='lat' dir='ltr'>in</span> <span class='ocrx_word' id='word_1_270' title='bbox 550 2637 623 2686; x_wconf 86' lang='lat' dir='ltr'>eum,</span> <span class='ocrx_word' id='word_1_271' title='bbox 636 2627 739 2686; x_wconf 83' lang='lat' dir='ltr'>ejusque</span> <span class='ocrx_word' id='word_1_272' title='bbox 750 2624 862 2673; x_wconf 84' lang='lat' dir='ltr'>nitamur</span> <span class='ocrx_word' id='word_1_273' title='bbox 874 2624 981 2688; x_wconf 81' lang='lat' dir='ltr'>auxilio,</span> 
     </span>
    </p>

    <p class='ocr_par' dir='ltr' id='par_1_24' title="bbox 88 2681 906 2756">
     <span class='ocr_line' id='line_1_34' title="bbox 88 2681 906 2756; baseline 0 -14"><span class='ocrx_word' id='word_1_274' title='bbox 88 2681 126 2742; x_wconf 79' lang='lat' dir='ltr'>Qui</span> <span class='ocrx_word' id='word_1_275' title='bbox 138 2703 180 2742; x_wconf 85' lang='lat' dir='ltr'>uos</span> <span class='ocrx_word' id='word_1_276' title='bbox 191 2695 299 2746; x_wconf 86' lang='lat' dir='ltr'>salvavit</span> <span class='ocrx_word' id='word_1_277' title='bbox 310 2697 463 2756; x_wconf 86' lang='lat' dir='ltr'>immeritus,</span> <span class='ocrx_word' id='word_1_278' title='bbox 475 2699 500 2744; x_wconf 88' lang='lat' dir='ltr'>et</span> <span class='ocrx_word' id='word_1_279' title='bbox 513 2708 573 2744; x_wconf 83' lang='lat' dir='ltr'>cuna</span> <span class='ocrx_word' id='word_1_280' title='bbox 583 2694 652 2744; x_wconf 88' lang='lat' dir='ltr'>illius</span> <span class='ocrx_word' id='word_1_281' title='bbox 663 2705 774 2744; x_wconf 82' lang='lat' dir='ltr'>essemus</span> <span class='ocrx_word' id='word_1_282' title='bbox 787 2694 906 2743; x_wconf 77' lang='lat' dir='ltr'>inimici?</span> 
     </span>
    </p>

    <p class='ocr_par' dir='ltr' id='par_1_25' title="bbox 84 2751 961 2829">
     <span class='ocr_line' id='line_1_35' title="bbox 84 2751 961 2829; baseline 0.003 -18"><span class='ocrx_word' id='word_1_283' title='bbox 84 2751 162 2811; x_wconf 76' lang='lat' dir='ltr'>Quidni</span> <span class='ocrx_word' id='word_1_284' title='bbox 174 2762 309 2827; x_wconf 82' lang='lat' dir='ltr'>diligamus</span> <span class='ocrx_word' id='word_1_285' title='bbox 322 2778 397 2826; x_wconf 84' lang='lat' dir='ltr'>cam,</span> <span class='ocrx_word' id='word_1_286' title='bbox 407 2769 432 2816; x_wconf 84' lang='lat' dir='ltr'>et</span> <span class='ocrx_word' id='word_1_287' title='bbox 442 2769 543 2829; x_wconf 83' lang='lat' dir='ltr'>propter</span> <span class='ocrx_word' id='word_1_288' title='bbox 554 2777 613 2814; x_wconf 88' lang='lat' dir='ltr'>eum</span> <span class='ocrx_word' id='word_1_289' title='bbox 625 2764 767 2814; x_wconf 85' lang='lat' dir='ltr'>laboremus</span> <span class='ocrx_word' id='word_1_290' title='bbox 780 2766 805 2811; x_wconf 88' lang='lat' dir='ltr'>et</span> <span class='ocrx_word' id='word_1_291' title='bbox 815 2765 961 2824; x_wconf 71' lang='lat' dir='ltr'>patiamur?</span> 
     </span>
    </p>

    <p class='ocr_par' dir='ltr' id='par_1_26' title="bbox 63 2825 1097 3032">
     <span class='ocr_line' id='line_1_36' title="bbox 85 2825 1096 2900; baseline 0.002 -14"><span class='ocrx_word' id='word_1_292' title='bbox 85 2825 206 2893; x_wconf 67' lang='lat' dir='ltr'>insecatur</span> <span class='ocrx_word' id='word_1_293' title='bbox 218 2840 307 2890; x_wconf 73' lang='lat' dir='ltr'>dilexit</span> <span class='ocrx_word' id='word_1_294' title='bbox 321 2853 366 2890; x_wconf 82' lang='lat' dir='ltr'>noa</span> <span class='ocrx_word' id='word_1_295' title='bbox 377 2839 500 2890; x_wconf 79' lang='lat' dir='ltr'>charitate</span> <span class='ocrx_word' id='word_1_296' title='bbox 511 2839 617 2899; x_wconf 75' lang='lat' dir='ltr'>aeterua,</span> <span class='ocrx_word' id='word_1_297' title='bbox 629 2836 737 2887; x_wconf 85' lang='lat' dir='ltr'>salutem</span> <span class='ocrx_word' id='word_1_298' title='bbox 747 2839 860 2886; x_wconf 85' lang='lat' dir='ltr'>nostram</span> <span class='ocrx_word' id='word_1_299' title='bbox 869 2836 964 2897; x_wconf 86' lang='lat' dir='ltr'>valuit,</span> <span class='ocrx_word' id='word_1_300' title='bbox 976 2834 1096 2900; x_wconf 82' lang='lat' dir='ltr'>uobisque</span> 
     </span>
     <span class='ocr_line' id='line_1_37' title="bbox 63 2897 1097 3012; baseline 0.01 -63"><span class='ocrx_word' id='word_1_301' title='bbox 63 2897 147 3012; x_wconf 50' lang='lat' dir='ltr'>uittam</span> <span class='ocrx_word' id='word_1_302' title='bbox 160 2917 231 2958; x_wconf 85' lang='lat' dir='ltr'>suam</span> <span class='ocrx_word' id='word_1_303' title='bbox 242 2908 304 2958; x_wconf 80' lang='lat' dir='ltr'>darc</span> <span class='ocrx_word' id='word_1_304' title='bbox 314 2908 440 2959; x_wconf 73' lang='lat' dir='ltr'>decrevit:</span> <span class='ocrx_word' id='word_1_305' title='bbox 453 2911 481 2958; x_wconf 87' lang='lat' dir='ltr'>in</span> <span class='ocrx_word' id='word_1_306' title='bbox 490 2911 618 2974; x_wconf 81' lang='lat' dir='ltr'>tempora,</span> <span class='ocrx_word' id='word_1_307' title='bbox 630 2919 675 2974; x_wconf 84' lang='lat' dir='ltr'>pcr</span> <span class='ocrx_word' id='word_1_308' title='bbox 685 2906 841 2971; x_wconf 80' lang='lat' dir='ltr'>Baptismum</span> <span class='ocrx_word' id='word_1_309' title='bbox 852 2945 858 2968; x_wconf 88' lang='lat'>,</span> <span class='ocrx_word' id='word_1_310' title='bbox 869 2907 975 2967; x_wconf 85' lang='lat' dir='ltr'>gratiam</span> <span class='ocrx_word' id='word_1_311' title='bbox 983 2908 1097 2960; x_wconf 83' lang='lat' dir='ltr'>sanctil-</span> 
     </span>
     <span class='ocr_line' id='line_1_38' title="bbox 63 2971 633 3032; baseline 0.016 -14"><span class='ocrx_word' id='word_1_312' title='bbox 63 2971 98 3010; x_wconf 74' lang='lat' dir='ltr'>iin</span> <span class='ocrx_word' id='word_1_313' title='bbox 108 2978 143 3018; x_wconf 82' lang='lat' dir='ltr'>un</span> <span class='ocrx_word' id='word_1_314' title='bbox 151 2971 228 3032; x_wconf 77' lang='lat' dir='ltr'>dedit,</span> <span class='ocrx_word' id='word_1_315' title='bbox 631 2979 633 2985; x_wconf 62' lang='lat'><strong>⁴</strong></span> 
     </span>
    </p>

    <p class='ocr_par' dir='ltr' id='par_1_27' title="bbox 86 3030 892 3112">
     <span class='ocr_line' id='line_1_39' title="bbox 86 3030 892 3112; baseline 0.01 -25"><span class='ocrx_word' id='word_1_316' title='bbox 86 3030 189 3092; x_wconf 83' lang='lat' dir='ltr'>Fidamus</span> <span class='ocrx_word' id='word_1_317' title='bbox 201 3046 229 3096; x_wconf 91' lang='lat' dir='ltr'>ln</span> <span class='ocrx_word' id='word_1_318' title='bbox 241 3059 301 3098; x_wconf 91' lang='lat' dir='ltr'>eum</span> <span class='ocrx_word' id='word_1_319' title='bbox 313 3050 357 3110; x_wconf 86' lang='lat' dir='ltr'>qui</span> <span class='ocrx_word' id='word_1_320' title='bbox 369 3059 415 3098; x_wconf 86' lang='lat' dir='ltr'>uos</span> <span class='ocrx_word' id='word_1_321' title='bbox 424 3050 516 3109; x_wconf 81' lang='lat' dir='ltr'>cogitat</span> <span class='ocrx_word' id='word_1_322' title='bbox 527 3051 552 3098; x_wconf 88' lang='lat' dir='ltr'>et</span> <span class='ocrx_word' id='word_1_323' title='bbox 560 3047 641 3108; x_wconf 77' lang='lat' dir='ltr'>diligit</span> <span class='ocrx_word' id='word_1_324' title='bbox 654 3047 791 3106; x_wconf 79' lang='lat' dir='ltr'>antequam</span> <span class='ocrx_word' id='word_1_325' title='bbox 803 3045 892 3112; x_wconf 83' lang='lat' dir='ltr'>simus,</span> 
     </span>
    </p>

    <p class='ocr_par' dir='ltr' id='par_1_28' title="bbox 83 3097 731 3180">
     <span class='ocr_line' id='line_1_40' title="bbox 83 3097 731 3180; baseline -0.008 -12"><span class='ocrx_word' id='word_1_326' title='bbox 83 3097 203 3167; x_wconf 77' lang='lat' dir='ltr'>Dillliimus</span> <span class='ocrx_word' id='word_1_327' title='bbox 212 3128 272 3166; x_wconf 90' lang='lat' dir='ltr'>aum</span> <span class='ocrx_word' id='word_1_328' title='bbox 283 3119 327 3178; x_wconf 86' lang='lat' dir='ltr'>qul</span> <span class='ocrx_word' id='word_1_329' title='bbox 340 3130 386 3168; x_wconf 86' lang='lat' dir='ltr'>aas</span> <span class='ocrx_word' id='word_1_330' title='bbox 396 3119 506 3180; x_wconf 74' lang='lat' dir='ltr'>priores</span> <span class='ocrx_word' id='word_1_331' title='bbox 516 3116 624 3180; x_wconf 72' lang='lat' dir='ltr'>gratuita</span> <span class='ocrx_word' id='word_1_332' title='bbox 636 3115 731 3167; x_wconf 85' lang='lat' dir='ltr'>dilexit.</span> 
     </span>
    </p>

    <p class='ocr_par' dir='ltr' id='par_1_29' title="bbox 64 3167 1095 3316">
     <span class='ocr_line' id='line_1_41' title="bbox 83 3167 1095 3248; baseline 0.018 -29"><span class='ocrx_word' id='word_1_333' title='bbox 83 3167 373 3248; x_wconf 71' lang='lat' dir='ltr'>hactemus,1tatiamur</span> <span class='ocrx_word' id='word_1_334' title='bbox 385 3188 412 3234; x_wconf 94' lang='lat' dir='ltr'>ln</span> <span class='ocrx_word' id='word_1_335' title='bbox 428 3188 541 3248; x_wconf 86' lang='lat' dir='ltr'>tempure</span> <span class='ocrx_word' id='word_1_336' title='bbox 552 3198 597 3248; x_wconf 83' lang='lat' dir='ltr'>pro</span> <span class='ocrx_word' id='word_1_337' title='bbox 608 3197 637 3234; x_wconf 88' lang='lat' dir='ltr'>eu</span> <span class='ocrx_word' id='word_1_338' title='bbox 652 3185 697 3246; x_wconf 85' lang='lat' dir='ltr'>qai</span> <span class='ocrx_word' id='word_1_339' title='bbox 707 3193 754 3235; x_wconf 83' lang='lat' dir='ltr'>nos</span> <span class='ocrx_word' id='word_1_340' title='bbox 764 3183 855 3236; x_wconf 79' lang='lat' dir='ltr'>aeterua</span> <span class='ocrx_word' id='word_1_341' title='bbox 868 3181 989 3234; x_wconf 83' lang='lat' dir='ltr'>claritate</span> <span class='ocrx_word' id='word_1_342' title='bbox 1000 3185 1095 3237; x_wconf 80' lang='lat' dir='ltr'>salvare</span> 
     </span>
     <span class='ocr_line' id='line_1_42' title="bbox 64 3231 617 3316; baseline 0.031 -31"><span class='ocrx_word' id='word_1_343' title='bbox 64 3231 167 3307; x_wconf 56' lang='lat' dir='ltr'>micuit,</span> <span class='ocrx_word' id='word_1_344' title='bbox 180 3255 205 3300; x_wconf 91' lang='lat' dir='ltr'>et</span> <span class='ocrx_word' id='word_1_345' title='bbox 215 3253 242 3302; x_wconf 90' lang='lat' dir='ltr'>in</span> <span class='ocrx_word' id='word_1_346' title='bbox 256 3260 369 3316; x_wconf 79' lang='lat' dir='ltr'>tempore</span> <span class='ocrx_word' id='word_1_347' title='bbox 380 3244 486 3312; x_wconf 77' lang='lat' dir='ltr'>salsav‘it</span> <span class='ocrx_word' id='word_1_348' title='bbox 498 3254 529 3304; x_wconf 85' lang='lat' dir='ltr'>da</span> <span class='ocrx_word' id='word_1_349' title='bbox 542 3252 617 3316; x_wconf 86' lang='lat' dir='ltr'>lacto,</span> 
     </span>
    </p>
   </div>
   <div class='ocr_carea' id='block_1_13' title="bbox 63 3321 1159 3741">
    <p class='ocr_par' dir='ltr' id='par_1_30' title="bbox 86 3321 1040 3416">
     <span class='ocr_line' id='line_1_43' title="bbox 86 3321 1040 3416; baseline 0.02 -42"><span class='ocrx_word' id='word_1_350' title='bbox 86 3321 115 3370; x_wconf 84' lang='lat'>10.</span> <span class='ocrx_word' id='word_1_351' title='bbox 122 3325 273 3393; x_wconf 77' lang='lat' dir='ltr'>lluaisectata</span> <span class='ocrx_word' id='word_1_352' title='bbox 288 3341 322 3385; x_wconf 79' lang='lat' dir='ltr'>est</span> <span class='ocrx_word' id='word_1_353' title='bbox 335 3341 420 3386; x_wconf 80' lang='lat' dir='ltr'>autam</span> <span class='ocrx_word' id='word_1_354' title='bbox 433 3349 527 3391; x_wconf 82' lang='lat' dir='ltr'>aune...</span> <span class='ocrx_word' id='word_1_355' title='bbox 1035 3404 1040 3416; x_wconf 41' lang='grc' dir='ltr'>Ι</span> 
     </span>
    </p>

    <p class='ocr_par' dir='ltr' id='par_1_31' title="bbox 84 3385 1094 3486">
     <span class='ocr_line' id='line_1_44' title="bbox 84 3385 1094 3486; baseline 0.02 -44"><span class='ocrx_word' id='word_1_356' title='bbox 84 3385 107 3437; x_wconf 85' lang='lat' dir='ltr'>ln</span> <span class='ocrx_word' id='word_1_357' title='bbox 116 3391 367 3462; x_wconf 82' lang='lat' dir='ltr'>tlreco,manllestata</span> <span class='ocrx_word' id='word_1_358' title='bbox 377 3405 520 3467; x_wconf 80' lang='lat' dir='ltr'>,aqualiter</span> <span class='ocrx_word' id='word_1_359' title='bbox 532 3405 637 3456; x_wconf 83' lang='lat' dir='ltr'>retertur</span> <span class='ocrx_word' id='word_1_360' title='bbox 646 3405 679 3454; x_wconf 75' lang='lat' dir='ltr'>acl</span> <span class='ocrx_word' id='word_1_361' title='bbox 690 3402 798 3465; x_wconf 71' lang='grc' dir='ltr'>πρόθεσιν</span> <span class='ocrx_word' id='word_1_362' title='bbox 810 3411 835 3456; x_wconf 88' lang='lat' dir='ltr'>et</span> <span class='ocrx_word' id='word_1_363' title='bbox 845 3405 877 3454; x_wconf 85' lang='lat' dir='ltr'>ad</span> <span class='ocrx_word' id='word_1_364' title='bbox 887 3405 970 3469; x_wconf 73' lang='grc' dir='ltr'><em>χαρῑν,</em></span> <span class='ocrx_word' id='word_1_365' title='bbox 979 3406 1094 3486; x_wconf 71' lang='lat' dir='ltr'>gratiam,</span> 
     </span>
    </p>

    <p class='ocr_par' dir='ltr' id='par_1_32' title="bbox 63 3454 1159 3741">
     <span class='ocr_line' id='line_1_45' title="bbox 85 3454 1095 3538; baseline 0.017 -34"><span class='ocrx_word' id='word_1_366' title='bbox 85 3454 131 3510; x_wconf 78' lang='lat' dir='ltr'>llaec</span> <span class='ocrx_word' id='word_1_367' title='bbox 141 3471 237 3526; x_wconf 88' lang='lat' dir='ltr'>quidem</span> <span class='ocrx_word' id='word_1_368' title='bbox 246 3475 354 3536; x_wconf 83' lang='lat' dir='ltr'>gratuita</span> <span class='ocrx_word' id='word_1_369' title='bbox 364 3473 408 3524; x_wconf 82' lang='lat' dir='ltr'>liei</span> <span class='ocrx_word' id='word_1_370' title='bbox 419 3475 535 3526; x_wconf 83' lang='lat' dir='ltr'>voluntas</span> <span class='ocrx_word' id='word_1_371' title='bbox 545 3479 571 3526; x_wconf 89' lang='lat' dir='ltr'>in</span> <span class='ocrx_word' id='word_1_372' title='bbox 584 3478 637 3538; x_wconf 86' lang='lat' dir='ltr'>ipso</span> <span class='ocrx_word' id='word_1_373' title='bbox 648 3474 722 3526; x_wconf 85' lang='lat' dir='ltr'>latuit</span> <span class='ocrx_word' id='word_1_374' title='bbox 732 3478 763 3529; x_wconf 89' lang='lat' dir='ltr'>ab</span> <span class='ocrx_word' id='word_1_375' title='bbox 772 3481 864 3528; x_wconf 74' lang='lat' dir='ltr'>caterno</span> <span class='ocrx_word' id='word_1_376' title='bbox 875 3495 882 3537; x_wconf 68' lang='grc' dir='ltr'>ς</span> <span class='ocrx_word' id='word_1_377' title='bbox 894 3489 963 3525; x_wconf 84' lang='lat' dir='ltr'>naanc</span> <span class='ocrx_word' id='word_1_378' title='bbox 972 3477 1057 3523; x_wconf 89' lang='lat' dir='ltr'>autem</span> <span class='ocrx_word' id='word_1_379' title='bbox 1069 3487 1095 3522; x_wconf 81' lang='lat' dir='ltr'>an</span> 
     </span>
     <span class='ocr_line' id='line_1_46' title="bbox 63 3521 1159 3622; baseline 0.011 -44"><span class='ocrx_word' id='word_1_380' title='bbox 63 3521 197 3602; x_wconf 68' lang='lat' dir='ltr'>intonando</span> <span class='ocrx_word' id='word_1_381' title='bbox 213 3550 247 3593; x_wconf 85' lang='lat' dir='ltr'>est</span> <span class='ocrx_word' id='word_1_382' title='bbox 257 3543 416 3606; x_wconf 73' lang='lat' dir='ltr'>manifestata</span> <span class='ocrx_word' id='word_1_383' title='bbox 429 3557 473 3606; x_wconf 80' lang='lat' dir='ltr'>per</span> <span class='ocrx_word' id='word_1_384' title='bbox 490 3545 708 3596; x_wconf 81' lang='lat' dir='ltr'>illuminationem.</span> <span class='ocrx_word' id='word_1_385' title='bbox 724 3545 766 3596; x_wconf 89' lang='lat' dir='ltr'>Gr.</span> <span class='ocrx_word' id='word_1_386' title='bbox 785 3558 829 3608; x_wconf 81' lang='lat' dir='ltr'>per</span> <span class='ocrx_word' id='word_1_387' title='bbox 849 3545 1032 3622; x_wconf 73' lang='lat' dir='ltr'>apparitionem</span> <span class='ocrx_word' id='word_1_388' title='bbox 1049 3541 1096 3590; x_wconf 82' lang='lat' dir='ltr'>llu-</span> <span class='ocrx_word' id='word_1_389' title='bbox 1157 3565 1159 3571; x_wconf 43' lang='lat' dir='ltr'>v</span> 
     </span>
     <span class='ocr_line' id='line_1_47' title="bbox 65 3597 1095 3677; baseline 0.021 -38"><span class='ocrx_word' id='word_1_390' title='bbox 65 3597 113 3644; x_wconf 79' lang='lat' dir='ltr'>mini</span> <span class='ocrx_word' id='word_1_391' title='bbox 121 3609 202 3677; x_wconf 70' lang='lat' dir='ltr'>⁸nostri</span> <span class='ocrx_word' id='word_1_392' title='bbox 216 3610 274 3661; x_wconf 80' lang='lat' dir='ltr'>lasa</span> <span class='ocrx_word' id='word_1_393' title='bbox 286 3611 392 3673; x_wconf 83' lang='lat' dir='ltr'>Christi,</span> <span class='ocrx_word' id='word_1_394' title='bbox 404 3613 430 3662; x_wconf 84' lang='lat' dir='ltr'>id</span> <span class='ocrx_word' id='word_1_395' title='bbox 441 3618 490 3675; x_wconf 85' lang='lat' dir='ltr'>cst,</span> <span class='ocrx_word' id='word_1_396' title='bbox 503 3621 635 3676; x_wconf 84' lang='lat' dir='ltr'>postquam</span> <span class='ocrx_word' id='word_1_397' title='bbox 646 3616 763 3677; x_wconf 80' lang='lat' dir='ltr'>apparuit</span> <span class='ocrx_word' id='word_1_398' title='bbox 772 3650 780 3675; x_wconf 97' lang='lat'>,</span> <span class='ocrx_word' id='word_1_399' title='bbox 790 3617 838 3663; x_wconf 84' lang='lat' dir='ltr'>eta.</span> <span class='ocrx_word' id='word_1_400' title='bbox 849 3624 879 3663; x_wconf 81' lang='lat' dir='ltr'>ex</span> <span class='ocrx_word' id='word_1_401' title='bbox 893 3616 955 3662; x_wconf 91' lang='lat' dir='ltr'>tunc</span> <span class='ocrx_word' id='word_1_402' title='bbox 967 3621 1036 3660; x_wconf 81' lang='lat' dir='ltr'>enam</span> <span class='ocrx_word' id='word_1_403' title='bbox 1047 3624 1095 3674; x_wconf 82' lang='grc' dir='ltr'>αρ-</span> 
     </span>
     <span class='ocr_line' id='line_1_48' title="bbox 64 3666 728 3741; baseline 0.029 -30"><span class='ocrx_word' id='word_1_404' title='bbox 64 3666 134 3715; x_wconf 68' lang='lat' dir='ltr'>parati</span> <span class='ocrx_word' id='word_1_405' title='bbox 146 3671 277 3739; x_wconf 66' lang='lat' dir='ltr'>iniqnitas</span> <span class='ocrx_word' id='word_1_406' title='bbox 288 3687 310 3730; x_wconf 86' lang='lat' dir='ltr'>et</span> <span class='ocrx_word' id='word_1_407' title='bbox 326 3681 487 3741; x_wconf 74' lang='lat' dir='ltr'>humanitas,</span> <span class='ocrx_word' id='word_1_408' title='bbox 497 3690 540 3733; x_wconf 81' lang='lat' dir='ltr'>ete.</span> <span class='ocrx_word' id='word_1_409' title='bbox 549 3683 582 3732; x_wconf 81' lang='lat' dir='ltr'>ad</span> <span class='ocrx_word' id='word_1_410' title='bbox 593 3683 642 3732; x_wconf 87' lang='lat' dir='ltr'>Tit.</span> <span class='ocrx_word' id='word_1_411' title='bbox 652 3685 676 3730; x_wconf 80' lang='lat'>2.</span> <span class='ocrx_word' id='word_1_412' title='bbox 691 3686 728 3731; x_wconf 90' lang='lat' dir='ltr'>li.</span> 
     </span>
    </p>
   </div>
   <div class='ocr_carea' id='block_1_14' title="bbox 87 3741 1096 3982">
    <p class='ocr_par' dir='ltr' id='par_1_33' title="bbox 87 3741 1096 3982">
     <span class='ocr_line' id='line_1_49' title="bbox 88 3741 969 3823; baseline 0.022 -29"><span class='ocrx_word' id='word_1_413' title='bbox 88 3741 275 3813; x_wconf 80' lang='lat' dir='ltr'>tiessavaaauaes</span> <span class='ocrx_word' id='word_1_414' title='bbox 288 3777 442 3815; x_wconf 79' lang='lat' dir='ltr'>aaaasnauas</span> <span class='ocrx_word' id='word_1_415' title='bbox 451 3778 483 3815; x_wconf 82' lang='lat' dir='ltr'>un</span> <span class='ocrx_word' id='word_1_416' title='bbox 492 3777 655 3814; x_wconf 76' lang='lat' dir='ltr'>uoaaass.-</span> <span class='ocrx_word' id='word_1_417' title='bbox 665 3765 716 3823; x_wconf 78' lang='lat' dir='ltr'>Qut</span> <span class='ocrx_word' id='word_1_418' title='bbox 727 3763 845 3814; x_wconf 74' lang='lat' dir='ltr'>catceati</span> <span class='ocrx_word' id='word_1_419' title='bbox 856 3768 969 3815; x_wconf 80' lang='lat' dir='ltr'>mactem.</span> 
     </span>
     <span class='ocr_line' id='line_1_50' title="bbox 87 3808 598 3900; baseline 0.027 -30"><span class='ocrx_word' id='word_1_420' title='bbox 87 3808 209 3878; x_wconf 81' lang='lat' dir='ltr'>Tripliciter</span> <span class='ocrx_word' id='word_1_421' title='bbox 221 3831 333 3884; x_wconf 81' lang='lat' dir='ltr'>christus</span> <span class='ocrx_word' id='word_1_422' title='bbox 346 3839 453 3885; x_wconf 84' lang='lat' dir='ltr'>mortem</span> <span class='ocrx_word' id='word_1_423' title='bbox 469 3835 598 3900; x_wconf 80' lang='lat' dir='ltr'>destruxit.</span> 
     </span>
     <span class='ocr_line' id='line_1_51' title="bbox 89 3877 1096 3982; baseline 0 -30"><span class='ocrx_word' id='word_1_424' title='bbox 89 3877 161 3940; x_wconf 66' lang='lat' dir='ltr'>Prima</span> <span class='ocrx_word' id='word_1_425' title='bbox 169 3931 175 3953; x_wconf 80' lang='lat' dir='ltr'>i</span> <span class='ocrx_word' id='word_1_426' title='bbox 184 3901 241 3958; x_wconf 81' lang='lat' dir='ltr'>auia</span> <span class='ocrx_word' id='word_1_427' title='bbox 251 3908 332 3954; x_wconf 87' lang='lat' dir='ltr'>morte</span> <span class='ocrx_word' id='word_1_428' title='bbox 343 3917 389 3955; x_wconf 87' lang='lat' dir='ltr'>sua</span> <span class='ocrx_word' id='word_1_429' title='bbox 405 3905 526 3975; x_wconf 73' lang='lat' dir='ltr'>destrunt</span> <span class='ocrx_word' id='word_1_430' title='bbox 538 3907 670 3982; x_wconf 77' lang='lat' dir='ltr'>peccatum</span> <span class='ocrx_word' id='word_1_431' title='bbox 679 3940 686 3965; x_wconf 89' lang='lat'>‚</span> <span class='ocrx_word' id='word_1_432' title='bbox 696 3903 784 3954; x_wconf 84' lang='lat' dir='ltr'>martis</span> <span class='ocrx_word' id='word_1_433' title='bbox 793 3903 939 3975; x_wconf 85' lang='lat' dir='ltr'>utriusque,</span> <span class='ocrx_word' id='word_1_434' title='bbox 951 3897 1096 3968; x_wconf 73' lang='lat' dir='ltr'>temporalis</span> 
     </span>
    </p>
   </div>
   <div class='ocr_carea' id='block_1_15' title="bbox 68 3947 315 4028">
    <p class='ocr_par' dir='ltr' id='par_1_34' title="bbox 68 3947 315 4028">
     <span class='ocr_line' id='line_1_52' title="bbox 68 3947 315 4028; baseline 0.077 -25"><span class='ocrx_word' id='word_1_435' title='bbox 68 3947 86 3990; x_wconf 52' lang='lat'>⁹1²</span> <span class='ocrx_word' id='word_1_436' title='bbox 98 3955 196 4028; x_wconf 63' lang='lat' dir='ltr'>aterna,</span> <span class='ocrx_word' id='word_1_437' title='bbox 206 3981 315 4026; x_wconf 84' lang='lat' dir='ltr'>causam.</span> 
     </span>
    </p>
   </div>
   <div class='ocr_carea' id='block_1_16' title="bbox 0 0 1310 4542">
    <p class='ocr_par' dir='ltr' id='par_1_35' title="bbox 0 0 1310 4542">
     <span class='ocr_line' id='line_1_53' title="bbox 0 0 1310 4542; baseline 0 0"><span class='ocrx_word' id='word_1_438' title='bbox 0 0 1310 4542; x_wconf 95' lang='lat' dir='ltr'> </span> 
     </span>
    </p>
   </div>
  </div>
 </body>
</html>
