2622 4552
309 262 478 322 'lePLEX
497 267 715 326 EXPOSITIO.
736 270 815 328 CAP.
835 275 901 326 XII.
1085 277 1136 329 581

69 401 1127 446 m—-r-z-:z—-ae

369 516 509 592 ciiii
531 522 842 600 nuntiemini.

241 688 349 726 noxius.
746 694 930 736 punicantem.

66 813 247 940 l.Insooun
270 811 298 858 ct
327 819 380 861 nos
409 814 514 864 tantam
584 823 619 860 nu
632 813 709 874 igitur
726 815 828 864 tantnm
839 791 977 866 habmmm
994 826 1084 878 agmen
1101 813 1135 866 ii-

141 883 277 937 habentes
289 884 446 950 impositam
459 901 514 940 nu.
583 879 702 930 luntrium
720 881 750 932 (ie
771 882 829 932 lidoi
851 883 1003 946 potentiani
1025 881 1135 934 utilitato
1225 891 1229 908 ⁸

67 966 139 1018 hem
176 961 311 1024 testium,
342 962 514 1028 deponentes
537 949 658 1010 testium,
670 952 714 1012 qni
730 963 776 1001 nos
795 951 903 1001 nubium
918 953 946 1001 in
960 963 1073 1011 morem,
1086 965 1134 1001 un-

66 1053 155 1095 omne
166 1038 279 1106 pondus
290 1043 317 1090 et
331 1039 514 1092 circumstans
537 1015 613 1078 dique
630 1021 744 1082 sepiunt,
762 1020 910 1081 abjiciamus
934 1021 949 1070 i
970 1020 1042 1070 nobis
1057 1032 1134 1071 onera

65 1131 122 1172 nos
144 1121 305 1184 reectum,
330 1129 381 1182 ner
403 1116 513 1207 pam.
536 1087 1134 1217 itiiiiiittiiiiitittaiti‚llil

65 1197 137 1248 fiam
159 1207 306 1284 wlfamus
322 1191 358 1245 ad
384 1207 513 1264 ps⁰P⁰⁸¹'
536 1223 767 1286 commonuerim,
782 1237 916 1274 curramus
933 1237 994 1275 cnm
1011 1229 1133 1288 patientia

69 1281 133 1327 inm
148 1271 232 1326 nobis
243 1276 397 1338 ceilamffli
536 1291 918 1410 gffinmbrerggitsmgropositum,
933 1295 1006 1353 cnjus
1017 1294 1133 1346 bravium

101 1551 167 1602 Car.
181 1551 232 1602 llll.
246 1554 268 1600 i.
283 1551 397 1613 ideoque.
411 1549 468 1612 Syr.
484 1547 658 1611 quamohrem.

97 1621 178 1682 Quasi
194 1620 289 1670 diceret
303 1640 309 1668 ι
325 1618 531 1682 Quandoquidem
546 1614 629 1682 pau'm
647 1621 726 1670 nostrl
740 1621 811 1672 tanta
827 1632 873 1685 per
884 1619 963 1672 iidem
976 1625 1001 1671 et
1011 1622 1043 1673 ob
1056 1622 1132 1674 fidem

65 1691 185 1741 iecerunt
198 1692 223 1739 et
237 1690 303 1752 passi
317 1691 391 1748 snut,

96 1765 158 1814 ideo
176 1768 199 1812 et
209 1775 254 1812 nor
268 1761 382 1822 liebraei,
396 1771 485 1812 eornm
497 1761 542 1812 lilii
553 1762 602 1821 ,ad
613 1760 705 1812 Christi
722 1761 798 1812 iidem
814 1766 946 1825 conversi,

101 1839 211 1900 Tantam
225 1836 339 1886 moeniae
351 1837 512 1899 impositam,
525 1836 552 1885 io
562 1840 615 1896 est,
629 1837 703 1897 capiti
716 1841 801 1887 nostro
817 1840 1009 1899 superpositam.
1023 1837 1065 1888 Gr.
1080 1841 1117 1888 eir

65 1907 253 1969 compositam,
267 1903 308 1955 val
319 1906 551 1964 circumiacentem.
567 1905 623 1967 Syr.
635 1907 678 1965 qni
692 1918 738 1955 nos
752 1906 863 1968 undique
879 1908 980 1968 sepiunt
985 1925 995 1966 ς

95 1973 125 2023 ld
144 1977 201 2034 est,
216 1985 268 2022 uon
285 1973 386 2022 lantum
403 1975 479 2035 capiti
495 1976 580 2021 nostro
592 1973 783 2033 imminentem,
795 1973 840 2022 sed
853 1977 879 2022 et
897 1985 943 2022 nos
958 1972 1070 2035 undique
1082 1975 1132 2024 oio·

67 2040 253 2101 comdentem,
269 2044 299 2090 nt
311 2040 340 2090 lit
361 2042 389 2090 in
404 2040 560 2104 temporibus
580 2038 725 2100 nebulosis,
738 2040 839 2102 quando
859 2039 939 2090 nubas
954 2040 1032 2091 densa
1048 2046 1131 2092 totum

67 2109 279 2173 hemisphaenum
292 2113 407 2174 occupat.

96 2184 214 2242 liobam,
226 2184 354 2246 copiosam
369 2185 515 2232 sanctornm
533 2180 723 2232 multitudinem
736 2182 767 2231 do
786 2182 879 2244 quihus
894 2184 921 2232 in
940 2186 1020 2247 capite
1035 2169 1133 2248 praee:

65 2255 139 2304 denti
151 2289 159 2314 ‚
171 2255 246 2301 vocat
255 2252 347 2300 caton
364 2251 396 2302 ob
409 2251 560 2301 densitatem
575 2256 600 2301 et
612 2252 644 2301 ob
661 2251 818 2314 refrigerium
830 2272 837 2302 ε
849 2252 950 2302 iliorum
964 2255 1033 2304 enim
1045 2267 1131 2304 exem-

65 2325 141 2387 plum
155 2321 262 2390 niiiictos
283 2321 412 2385 refrigerat
426 2325 452 2372 et
473 2321 567 2372 soutnr
583 2324 611 2372 in
631 2327 693 2374 estu
714 2321 899 2382 initiationis,
918 2324 955 2373 ait
972 2323 1000 2374 Ι).
1023 2324 1130 2387 Chryso-

64 2399 176 2444 stamus.

105 2469 232 2526 lectiam,
242 2467 354 2528 scilicet,
370 2467 402 2518 de
417 2471 528 2531 potentia
544 2472 569 2518 et
580 2468 687 2518 utilitate
701 2467 768 2518 iaci.

97 2545 251 2606 Deponentes
262 2555 333 2592 omae
343 2543 450 2604 pondus.
464 2543 520 2604 Syr.
543 2543 690 2602 abiiciamus
701 2541 716 2590 a
729 2542 802 2593 nobis
817 2555 894 2594 onero
904 2547 988 2593 omnia
998 2544 1128 2604 ‚.scilicot,

66 2621 247 2664 oneratorum
264 2613 444 2660 terrenarnma
461 2621 549 2659 omnes
565 2610 672 2658 aiioctus
684 2609 780 2670 seculi,
799 2613 843 2671 qui
858 2625 905 2661 nos
920 2612 953 2661 ad
977 2615 1028 2661 ima
1047 2614 1129 2674 depri-

64 2684 154 2732 munt.

96 2749 145 2800 Est
154 2747 297 2818 ⁸similitudo
310 2748 410 2810 sumpta
423 2743 544 2806 istadlo;
555 2747 598 2807 qni
609 2746 678 2794 euim
693 2744 792 2794 cursuri
808 2747 868 2794 sunt
878 2781 885 2805 ‚
896 2746 981 2794 omnia
994 2757 1050 2806 qna
1069 2759 1129 2796 sum

65 2819 140 2869 oneri
152 2817 291 2880 deponunt.

96 2895 131 2942 Et
145 2893 307 2942 circumstare
319 2902 365 2940 ooo
373 2886 575 2951 percommsyr.
585 2890 611 2936 et
623 2888 755 2948 peccalum
772 2885 840 2948 qnoo
854 2898 952 2952 sempor
963 2888 1035 2936 nobis
1050 2892 1087 2938 est
1101 2892 1128 2939 in

18 2963 21 2968 ’
66 2963 198 3026 promptu.
209 2959 283 3008 Arab.
295 2962 321 3007 et
331 2961 463 3021 peccatum
474 2956 547 3006 lacilo
559 2957 669 3018 patratu.

98 3031 128 3080 ld
139 3033 198 3089 ost,
219 3039 269 3090 qno
280 3029 352 3090 quasi
369 3028 511 3089 cingimus,
523 3025 727 3084 circumdamur,
744 3027 769 3073 et
788 3023 844 3074 ideo
865 3026 976 3076 caesuris
989 3030 1028 3076 est
1046 3027 1129 3077 obsta·

65 3100 325 3224 ouhuss.cumnnbus
336 3163 448 3213 cavenda
458 3167 530 3224 sunt,
544 3176 607 3214 onus
618 3161 714 3212 scilicet
725 3164 750 3212 et
763 3161 929 3212 obstaculum.

97 3237 180 3296 Cura,
191 3235 295 3284 alienius
306 3245 392 3282 rerum
400 3237 560 3280 terrenarum
571 3267 578 3289 ,
590 3237 627 3280 est
640 3242 719 3288 onus,
731 3229 868 3290 etquidem
879 3242 962 3288 grave.

98 3305 234 3354 Peccatum
247 3313 293 3350 nos
309 3303 475 3350 circumstans
488 3299 554 3347 siout
564 3301 654 3355 vestis,
668 3296 708 3344 vel
719 3296 831 3357 undique
842 3299 945 3356 cingens
957 3297 1036 3346 instar
1047 3299 1126 3359 reiis,
1224 3316 1230 3326 ·

66 3378 105 3424 est
116 3370 275 3422 obstaculum
286 3389 293 3419 ι
305 3374 441 3430 utrumque
454 3379 511 3426 ergo
524 3366 711 3428 deponendum.

100 3449 152 3495 Per
167 3445 315 3507 potientium
324 3479 332 3500 ,
342 3443 398 3503 Syr.
411 3453 470 3490 cnm
480 3441 611 3502 patientia.

100 3515 181 3563 Erant
194 3513 300 3571 afflicti,
316 3515 357 3570 et,
368 3513 397 3557 ut
415 3521 470 3570 cap.
487 3513 515 3558 10
527 3545 533 3566 ‚
546 3519 573 3556 n.
592 3510 622 3556 36
635 3505 730 3556 (ilatum
744 3510 782 3556 cst
793 3543 799 3565 ‚
811 3506 933 3568 patientia
947 3504 1018 3552 nobis
1034 3511 1068 3554 est
1083 3520 1124 3554 oe-

70 3583 181 3633 cerauno
194 3600 203 3630 .-
216 3577 375 3642 ilpostoliquc
386 3588 476 3638 scopus
490 3579 528 3624 est
539 3587 581 3623 eos
592 3573 621 3622 nd
640 3575 786 3634 patientiam
799 3573 903 3622 hortari.
914 3573 964 3620 Per
977 3573 1130 3634 patientiam

70 3663 145 3713 ergo,

103 3727 243 3775 canamus
255 3721 349 3772 macres
365 3723 390 3768 et
400 3717 515 3780 expediti,

101 3799 140 3847 Ad
148 3797 309 3860 propositum
327 3793 398 3842 nobis
410 3797 546 3848 certamen,
559 3788 585 3839 id
597 3791 648 3849 est,
659 3789 685 3836 in
700 3784 809 3836 stadium
819 3821 826 3846 ‚
838 3797 882 3836 seu
894 3788 1021 3835 certamen
1037 3786 1126 3836 cursis

71 3862 144 3917 nohis
160 3865 325 3928 propositum.
639 3915 641 3920 Ι

102 3937 132 3986 in
143 3934 230 3984 Gracc
248 3935 274 3982 et
291 3934 318 3982 in
335 3929 411 3992 syro,
428 3939 478 3980 non
490 3932 540 3989 est,
553 3927 602 3988 aot,
613 3925 656 3977 sei
675 3935 806 3976 curramus
818 3924 972 3985 mavortiam
985 3923 1057 3975 cobis
1072 3935 1126 3976 ocr-
