2670 4542
171 239 189 289 9.
388 273 392 284 .
597 232 810 293 PRAEFtht).

209 336 243 394 ln
258 330 369 412 prioris
381 323 526 410 Epistolae
540 347 609 412 cap.
623 334 684 395 let
697 336 727 411 5,
743 331 782 396 de
792 319 1021 397 resurrectione
1037 333 1237 395 mortuorum

171 434 254 498 etde
266 434 404 515 glorioso
418 434 532 499 Christi
545 435 684 500 adventu
700 440 828 517 egerat,
842 438 883 500 ad
899 436 1235 514 Thessalonicensium,

169 541 201 602 in
215 557 347 603 suorum
361 539 471 618 obitu,
486 539 746 604 consolationem.

208 645 269 707 Sed
282 644 354 724 quia
371 645 411 708 de
430 649 565 724 utroque
583 645 629 708 sie
641 646 768 708 locutus
783 645 901 724 luerat,
917 644 1005 725 quasi
1018 640 1104 714 brevi
1115 642 1235 724 lutur03

169 749 209 814 de
223 750 453 814 resurreetione
471 749 556 813 enim
569 767 681 830 agens,
693 767 761 830 cap.
777 751 813 822 4,
828 753 860 821 i.
870 808 872 816 ,
882 752 938 830 15,
954 748 1077 812 dixerat
1089 749 1121 810 in
1134 749 1235 829 primtt

167 857 303 934 persona
322 861 406 918 :Nos
423 855 477 936 put
492 854 635 929 vermos,
647 860 701 917 etc.
711 856 800 935 quasi
811 871 870 919 suo
883 857 1024 935 tempore
1038 857 1141 918 lutura
1152 857 1237 919 toret

168 960 355 1024 resurrectio
373 984 380 1023 :
396 961 436 1024 dc
459 960 510 1023 die
528 961 636 1022 autern
657 957 811 1024 adventus
833 959 947 1024 Christi
964 959 1005 1022 ad
1018 960 1171 1040 judicium
1184 962 1237 1023 lo-

168 1079 284 1141 quens,
300 1064 400 1143 capite
413 1063 543 1144 quinto,
561 1067 592 1135 ll·
608 1069 628 1127 T
646 1067 679 1128 ct
696 1065 730 1143 4,
745 1068 806 1129 etc.
823 1063 1117 1128 Thessalonicenses
1130 1065 1237 1127 horta·

167 1175 220 1229 tus
246 1170 315 1230 erat
336 1167 377 1230 ad
402 1167 614 1247 vigilandum,
634 1185 675 1232 ne
695 1169 865 1250 imparatos
889 1169 958 1233 illos
987 1168 1055 1232 dies
1074 1169 1140 1248 illa,
1160 1173 1235 1232 tan-

167 1289 263 1351 quam
275 1274 340 1353 sur,
352 1273 607 1353 comprehendat.

205 1377 283 1440 llinc
301 1377 418 1439 turbati
431 1378 725 1442 Thessalonicenses
748 1378 900 1460 putabant
913 1381 946 1442 et
961 1381 1158 1441 mortuorum
1179 1395 1235 1442 re-

167 1481 392 1545 surrectionem
407 1485 440 1546 et
458 1482 543 1545 diem
557 1483 666 1562 iudicii
685 1483 803 1548 instare
822 1507 829 1546 :
846 1483 988 1564 ipsorum
1000 1486 1154 1547 terrorem
1174 1472 1235 1546 au'-

166 1586 282 1665 gabant
302 1587 490 1651 fraudulenti
512 1587 639 1667 quidam
664 1587 830 1668 doctores,
850 1592 920 1651 tum
941 1587 1022 1651 lictis
1044 1589 1234 1668 quibusdam

166 1691 428 1771 revelationibus,
441 1694 511 1754 tum
524 1692 694 1772 suppositis
708 1691 851 1771 eiusdem
868 1692 953 1755 Pauli
967 1692 1089 1756 litteris.

205 1799 244 1860 Ut
267 1798 351 1859 hune
374 1814 450 1877 ergo
474 1797 799 1860 Thessalonicensium
816 1800 937 1860 metum
961 1797 1079 1860 adimat
1097 1800 1229 1879 Paulus,

166 1903 417 1982 impostoresque
433 1902 619 1982 redarguat,
643 1901 736 1965 docet
754 1901 786 1964 in
808 1901 948 1966 secundo
972 1903 1067 1983 huJ'us
1084 1903 1231 1984 Epistola

166 2006 284 2085 capite,
299 2006 440 2090 nondum
459 2005 576 2070 instare
596 2005 681 2069 diem
700 2004 829 2085 iudicii,
844 2006 935 2086 cujus
947 2005 1011 2070 duc
1026 2007 1080 2070 dat
1093 2009 1231 2072 authen·

164 2110 226 2184 tica
239 2111 330 2192 signa
346 2111 424 2174 illud
439 2091 648 2192 procedentia
664 2133 672 2173 :
687 2094 858 2192 apostasim
872 2108 891 2174 a
903 2109 985 2190 fide,
1002 2114 1035 2174 et
1058 2111 1230 2175 adventurn

165 2214 345 2278 Antichristi
359 2233 454 2296 quern
470 2213 522 2279 hic
535 2213 681 2296 graphice
698 2214 856 2278 describit.

203 2322 238 2382 ln
251 2319 347 2400 priori
360 2318 494 2400 denique
508 2319 660 2400 Epistola,
676 2337 744 2400 cap.
760 2323 798 2400 5,
810 2324 841 2392 i.
861 2320 915 2398 14,
929 2320 1050 2386 otiosos
1073 2321 1226 2401 quosdam

166 2427 199 2486 et
211 2423 367 2504 inquietos
380 2423 495 2508 corrigi
511 2424 653 2487 voluerat
669 2426 720 2487 :et
734 2425 805 2506 quia
817 2424 960 2488 nondum
971 2424 1154 2490 emendatos
1168 2444 1226 2490 no-

164 2534 271 2607 verat,
285 2527 318 2590 in
331 2529 392 2591 hac
406 2529 563 2609 secunda,
578 2545 647 2610 cap.
659 2533 694 2608 3,
708 2533 740 2602 t.
760 2533 790 2609 6,
805 2529 875 2594 illos
889 2529 990 2594 acrids
1004 2533 1155 2611 castigat,
1172 2535 1225 2612 et,

163 2631 223 2696 nisi
236 2632 441 2714 resipiscant,
456 2633 775 2698 excommunicandos
788 2635 962 2698 denuntiat.

208 2737 346 2802 Tandem
359 2737 413 2802 dat
426 2738 553 2818 signum
571 2737 919 2818 Thessalonicensibus,
934 2757 997 2820 quo
1013 2758 1087 2804 suas
1100 2741 1226 2820 Episto-

162 2845 207 2906 las
225 2842 448 2924 distinguente
461 2842 666 2924 supposititiis
680 2861 756 2924 quas
770 2845 971 2924 proferebant
983 2844 1181 2925 impostores.

200 2946 277 3012 Vere
295 2965 372 3029 ergo
389 2950 459 3012 tcto
473 2948 626 3012 aberravit
640 2948 752 3012 coelo*
770 2949 952 3012 Nectaricus
966 2949 1018 3012 ille
1030 2949 1083 3028 qui
1093 2995 1102 3027 ‚
1113 2953 1224 3012 eontra
1331 3027 1332 3030 Ἴ

161 3067 362 3116 communem
375 3052 516 3114 omnium
535 3053 716 3117 sanctorum
729 3054 857 3116 Petrum
880 3055 913 3116 et
933 3056 1103 3116 Doctorum
1117 3055 1224 3117 Eccle-
1331 3045 1332 3062 ¹

160 3158 215 3220 sire
235 3169 383 3234 sensum,
404 3157 538 3222 asseruit
553 3157 634 3222 banc
650 3157 820 3238 Epistulam
836 3174 908 3222 esse
931 3157 1071 3221 omnium
1084 3160 1223 3222 Paulina-

159 3279 232 3325 rum
252 3261 399 3342 primam,
413 3263 472 3326 sub
495 3262 637 3343 Caligula,
655 3262 803 3342 scriptam
815 3245 880 3340 ,de
898 3279 960 3342 quc
979 3261 1115 3341 caligula
1128 3266 1160 3324 et
1180 3263 1221 3326 de
1330 3293 1331 3352 r

160 3366 285 3430 Simone
300 3369 389 3446 Mago
408 3369 474 3430 vult
494 3365 624 3448 intelligi
645 3383 714 3446 qum
736 3367 826 3430 divus
840 3367 953 3430 Paulus
972 3365 1013 3430 de
1029 3367 1221 3430 Antichristo
1330 3355 1331 3381 ¹

159 3471 239 3534 dixit
252 3471 398 3551 incapite
412 3473 561 3539 secundo.

197 3579 295 3655 HuJ'us
321 3578 474 3657 opinionis
495 3577 628 3653 falsitas,
654 3577 757 3656 quoad
779 3576 910 3658 primam
933 3577 982 3636 sut
999 3575 1134 3653 partem,
1159 3588 1218 3634 seu

157 3679 244 3760 quod
257 3681 325 3744 hcc
338 3681 474 3760 Epistola
486 3697 550 3744 non
569 3680 610 3743 sit
632 3681 772 3744 omnium
791 3678 986 3741 Paulinarum
998 3667 1115 3758 prima,
1129 3682 1217 3758 patet

190 3948 202 3965 .
214 3947 327 3996 cronos,
342 3943 372 3986 oc
386 3947 435 3998 quc
448 3939 561 3990 usscrlus
573 3938 647 3990 allant
658 3936 804 3998 burctleus,
817 3935 892 3987 dixit:
906 3936 967 3990 Toto
979 3936 1041 3989 culo
1051 3936 1183 3986 aberrasti.
