2622 4552
209 297 263 362 5¹18
501 296 707 356 EPISTOLAE
725 301 774 356 in
792 299 982 358 HEBRAEOS

239 397 272 448 ut
282 395 310 446 hi
321 406 409 446 omnes
418 431 425 455 ,
433 393 493 446 licet
505 396 538 446 ob
548 400 602 447 tam
612 395 732 460 preclare
741 397 808 458 gesta
866 403 911 454 59,
922 403 956 452 Ει
963 399 992 452 hi
1004 409 1104 451 omnes
1115 394 1273 451 testimonio

209 470 236 516 et
249 468 303 514 tam
319 462 445 513 horrendo
464 464 495 513 ob
509 463 586 514 fldem
598 464 704 516 tolerata
722 464 809 513 divino
831 477 897 531 fidei
917 475 1046 543 probast,
1072 488 1130 527 non
1156 487 1273 542 aoegpe.

211 533 353 582 testtmouio
375 532 428 581 sint
454 534 481 581 in
503 531 639 595 Scripturis
659 532 808 595 approbati,
831 558 897 609 mm
910 552 1172 621 repromissionem.

208 605 271 650 tunc
281 603 368 650 umen
378 601 500 662 temporis
515 613 567 649 non
582 605 733 663 receperunt
749 611 809 662 pro·
1163 591 1172 616 '

208 671 312 720 missam
325 669 425 730 pletatis
439 681 492 720 sure
504 669 668 719 mercedemv

237 739 305 798 lieo,
321 749 368 799 per
383 737 536 799 singularem
552 741 638 788 innoc
652 737 807 800 bonitatem,
865 747 911 797 40,
924 741 983 797 Deo
1004 757 1056 809 pro
1077 741 1158 794 nobis
1173 742 1270 796 meiius

208 807 245 855 sta
262 804 422 870 providente,
440 808 470 853 Ut
489 805 516 854 hl
534 805 690 866 antiqulol'es
710 805 807 864 saum,
830 819 936 886 aliquid
959 818 1142 886 providente,
1159 823 1190 870 ut
1215 832 1270 870 non

207 888 260 926 non
272 877 331 925 ante
339 877 453 937 tempore
465 878 551 924 nostra
561 874 611 924 Deo
623 874 768 924 fruerentur
780 875 807 923 in
832 898 892 951 sine
903 897 985 950 nohis
1001 901 1269 948 consummarefflun

208 943 293 1004 cueits,
306 947 332 993 et
346 956 399 992 uon
410 945 465 993 sinc
477 944 550 992 uobis
565 945 768 992 consummatam
780 945 808 992 iu

207 1011 393 1061 resurrectione
410 1013 570 1060 mortuorum
595 1009 702 1072 gloriam
718 1020 808 1059 conse-

208 1081 356 1142 querentur.

240 1249 279 1296 oo.
289 1247 321 1296 Et
334 1243 363 1295 ii
371 1259 454 1296 omnes
468 1245 605 1297 testimonio
617 1246 678 1309 fides·
687 1245 801 1310 probuti.
814 1245 858 1296 Gr.
869 1245 1014 1295 testimonio
1026 1243 1126 1309 probati
1134 1254 1177 1308 per
1188 1243 1271 1296 ddem.

105 1377 108 1384 Ι
208 1316 265 1378 Syr.
278 1315 309 1365 dc
319 1315 411 1377 quibus
419 1318 500 1365 extitit
510 1317 686 1366 testimonium
698 1316 782 1378 quoad
792 1315 868 1366 iidem
881 1327 980 1364 eorum.

238 1385 329 1444 idest,
341 1390 363 1434 et
376 1383 404 1433 is·
418 1397 501 1434 omnes
513 1385 545 1434 de
555 1385 682 1446 quibusiu
690 1389 743 1435 toto
751 1385 800 1434 hoc
809 1385 905 1447 capite,
914 1383 1016 1443 etsi,oi›
1028 1382 1107 1433 iidem
1117 1387 1239 1433 serratum
1248 1391 1273 1434 et

207 1457 410 1518 propugnatum,
424 1454 512 1505 divino
528 1455 674 1504 testimonio
688 1456 716 1504 in
727 1454 864 1516 Scripturis
877 1453 972 1502 tuerint
984 1453 1118 1515 approbati
1130 1457 1154 1503 et
1163 1453 1272 1513 laudati,

239 1528 296 1577 Noe
309 1534 457 1589 occeperunt
468 1528 705 1590 repromissionem,
724 1527 752 1576 id
762 1533 801 1578 est
811 1565 818 1588 ,
827 1531 890 1577 tunc
905 1530 992 1576 tamen
1003 1529 1143 1589 temporis,
1157 1539 1203 1576 seu
1222 1533 1273 1576 tntu

207 1599 299 1646 veteris
309 1596 462 1646 Testamenti
477 1600 664 1659 temporc,non
679 1601 829 1660 receperunt
841 1596 908 1646 bona
923 1597 1068 1659 promissa,
1083 1596 1210 1647 coelestem
1225 1600 1274 1646 sci·

207 1665 266 1716 licet
279 1665 461 1716 hereditatem.

238 1748 276 1798 io.
289 1747 339 1798 Deo
352 1761 400 1811 pro
410 1745 484 1797 cobis
500 1746 603 1810 aliquid
612 1745 703 1798 meiius
715 1747 872 1811 procidere,
883 1746 951 1807 Deo,
966 1759 1012 1808 per
1023 1746 1180 1808 singularem
1191 1749 1219 1797 in
1229 1762 1274 1797 nos

207 1817 359 1878 bonitatem,
371 1817 518 1880 providente
537 1822 564 1867 ut
580 1829 660 1880 usque
674 1817 709 1868 ad
718 1823 832 1880 tempora
848 1820 949 1875 nostra,
963 1817 1089 1864 nimirem
1102 1829 1182 1879 usque
1192 1817 1224 1866 ad
1234 1831 1274 1867 as·

207 1886 352 1938 censionem
365 1886 458 1937 Christi
469 1923 476 1946 ,
488 1887 586 1937 nemini
597 1889 742 1937 sanctornm
752 1889 849 1950 pateret
859 1885 943 1935 adltus
955 1885 1090 1935 coeiorum.

239 1964 269 2013 tit
279 1976 330 2012 con
342 1962 396 2011 rice
409 1960 483 2010 cobis
503 1966 750 2018 consummarentur,
766 1959 794 2009 id
807 1963 859 2022 est,
873 1963 903 2008 nt
912 1971 965 2009 nou
978 1963 1038 2009 ante
1049 1961 1113 2009 nori
1124 1959 1273 2011 Testamenti

205 2038 322 2094 tempus,
334 2029 401 2092 quod
413 2033 529 2079 nostrum
540 2033 591 2088 est,
603 2031 826 2088 consummatum,
840 2031 1056 2088 consequerentur
1071 2027 1273 2090 beatitudinem,

205 2101 298 2150 animae
304 2098 501 2160 quidem,quam
508 2099 637 2148 consecuti
644 2099 887 2159 suntpervisioucm
894 2096 952 2155 liei,
960 2095 1011 2158 qud
1019 2095 1145 2147 fruuntur
1152 2097 1185 2146 ab
1191 2110 1274 2148 ascen-

205 2167 375 2217 sionenirristi
384 2186 391 2226 ς
400 2164 512 2228 corports
520 2166 592 2224 vero,
602 2165 653 2226 qui
662 2164 778 2214 fruentur
785 2163 919 2213 nobiscum
928 2165 954 2212 in
963 2166 1152 2214 resurreetione
1161 2166 1272 2226 generati.

236 2237 322 2297 itaque
338 2237 457 2287 neutram
469 2234 523 2284 rinc
538 2233 625 2294 nobie,
635 2234 662 2284 id
674 2236 712 2284 est
723 2269 730 2294 ,
741 2235 802 2282 ente
817 2238 931 2295 tempora
942 2237 1027 2282 nostra
1037 2267 1047 2292 ,
1059 2235 1192 2296 recipiunt
1201 2235 1274 2284 bead-

205 2304 331 2354 tudinem.

234 2373 355 2423 Teiioiora
366 2374 451 2435 itaque
460 2376 575 2438 tempora
586 2376 681 2424 nostra.
692 2373 803 2436 Tempus
816 2373 907 2422 veteris
916 2372 1072 2422 Testamenti
1088 2373 1139 2424 tuit
1149 2375 1240 2426 laboris
1252 2381 1273 2425 ei
1308 2405 1309 2430 i

207 2443 414 2504 exspectationis3
425 2446 525 2505 tempus
536 2445 653 2493 nostrum
666 2447 705 2492 ost
715 2443 896 2506 praemiationis
909 2445 934 2490 et
945 2440 1086 2492 fruitionis.

235 2508 284 2558 iios
303 2517 362 2571 erqo
380 2509 475 2572 pudeat
494 2511 516 2561 si
534 2509 626 2573 pusiiiu
642 2510 723 2559 simus
738 2511 825 2560 animo
837 2546 843 2568 ,
856 2508 999 2558 mercedem
1010 2511 1122 2571 jamjam
1138 2517 1271 2577 recepturi,

205 2577 266 2629 edm
283 2588 371 2628 omnes
383 2580 539 2640 antiquiores
559 2579 656 2638 sancti,
667 2582 738 2629 tauta
755 2578 822 2630 mala
834 2581 859 2628 et
870 2581 924 2627 tam
942 2577 1039 2628 fortiter
1054 2581 1125 2641 passi
1136 2583 1205 2642 sint,
1220 2582 1273 2631 licit
1306 2563 1307 2601 ¹

204 2647 395 2712 diupraemium
406 2647 582 2710 exspectaturi.
774 2697 777 2703 ,
1305 2640 1307 2687 i

206 2759 377 2815 witonem
388 2758 556 2824 pietntmssett
566 2761 594 2811 in
604 2760 651 2812 hoc
665 2762 745 2824 cupite
759 2765 798 2821 ti,
810 2762 846 2812 cd
859 2761 976 2824 pietatem
991 2759 1105 2812 mccimd
1117 2767 1270 2824 rotrudam
1303 2713 1305 2776 ‘¹

567 2832 603 2882 ud
614 2832 718 2896 procem
730 2832 875 2893 redipecdc.

235 2943 310 2998 circo
329 2945 413 3008 iidem.
425 2967 457 2984 -
471 2942 574 3004 Primo,
585 2943 729 2995 rotundum
747 2942 826 3006 quim
845 2945 985 2994 necessaria
1003 2947 1055 3004 sit,
1070 2946 1270 3010 quandoquidem

204 3012 260 3062 rinc
269 3011 318 3062 tide
330 3025 461 3073 nunquam
475 3013 543 3062 salus
553 3011 619 3063 iacta
635 3016 686 3063 est.
868 3026 871 3032 ·

233 3080 270 3130 io
290 3081 362 3129 initio
373 3081 464 3130 muudi
479 3083 624 3143 quicunque
635 3082 686 3132 lieo
702 3073 869 3144 piccucruut.
886 3093 931 3143 per
951 3080 1028 3130 tidem
1049 3081 1207 3144 placuerunt
1216 3095 1270 3146 ,por

202 3149 279 3199 iidem
297 3148 395 3199 scilicet
405 3149 433 3199 iu
446 3149 541 3208 lienum
554 3161 599 3199 seu
613 3151 664 3212 qui
680 3151 723 3200 liei
736 3150 811 3201 dictis
823 3149 985 3200 crediderunt
999 3155 1025 3199 et
1041 3153 1209 3204 coniideruui
1222 3173 1228 3202 ι
1241 3156 1268 3202 ito

202 3223 233 3270 ut
241 3221 295 3270 rinc
305 3219 355 3280 fide
368 3217 525 3279 impossibiie
536 3219 570 3268 rit
579 3218 679 3282 picccrc
691 3221 758 3277 Deo,
770 3233 797 3269 n.
812 3223 836 3270 6.

231 3288 296 3338 iiiuc
307 3287 386 3349 tides,
399 3287 503 3337 initium
514 3289 636 3338 mouture
647 3287 691 3338 liei
698 3309 706 3349 ;
716 3288 787 3338 radix
799 3287 896 3349 salutis,
906 3299 936 3338 ex
947 3300 998 3350 qua
1012 3290 1131 3339 nascitur
1143 3293 1269 3354 justitiari

201 3358 323 3408 sanctitas
333 3394 340 3419 ,
352 3356 403 3420 qut
415 3356 466 3406 Deo
480 3355 626 3418 placemus,
640 3360 666 3406 et
676 3359 718 3407 cui
730 3359 854 3420 promissa
866 3361 903 3406 est
914 3356 982 3406 salus
993 3362 1103 3408 aeterna.

231 3425 330 3487 Quanta
343 3427 428 3487 itaque
444 3423 518 3474 debet
533 3435 587 3474 esse
602 3430 689 3474 nostra
701 3423 844 3474 sollicitudo
859 3423 890 3472 de
906 3423 969 3473 ddet
983 3425 1063 3485 quam
1089 3426 1234 3489 frequenter
1248 3428 1269 3474 ct

200 3496 278 3556 quam
291 3495 408 3546 ardenter
423 3493 564 3544 orandum=
576 3492 699 3551 iiomine,
711 3493 743 3542 da
756 3492 849 3551 iidem,
864 3493 960 3554 adauge
972 3493 1067 3544 iidem!

230 3563 356 3626 Secundo,
364 3564 506 3615 notandum
517 3564 594 3625 quim
606 3566 747 3613 neccssaria
758 3565 792 3613 sit
804 3562 958 3623 Christiano,
966 3565 1111 3626 presertim
1123 3567 1152 3615 iu
1163 3565 1268 3616 afflietio

200 3633 292 3695 nibus,
302 3637 332 3684 ut
341 3637 485 3684 constanter
498 3633 609 3695 patiatur
622 3637 718 3682 etcum
734 3633 834 3681 meritc.

231 3701 371 3754 Recordare
383 3708 445 3754 tunc
466 3704 571 3764 egregia
591 3701 669 3762 huius
683 3701 879 3764 descriptionis,
897 3713 975 3762 quam
995 3699 1026 3750 i).
1046 3699 1146 3752 Pettius
1168 3701 1266 3753 iteirrcs

201 3773 302 3824 adiictis
312 3771 430 3833 exhibet,
444 3775 473 3822 ut
485 3783 528 3821 eos
543 3769 654 3831 soletur,
668 3771 768 3821 roboret
778 3775 804 3821 et
816 3771 848 3820 ad
861 3771 1077 3832 perseverantiam
1088 3773 1197 3820 animet.

232 3846 305 3896 iiidie
320 3851 356 3896 ert
374 3845 561 3907 merodorum
570 3843 729 3901 rubricatio,
742 3843 898 3906 hypostasis,
915 3843 1081 3892 subsistentia
1098 3848 1125 3894 et
1144 3843 1266 3894 existentis

202 3923 290 3962 rerem
300 3933 310 3962 .-
320 3913 363 3962 dat
374 3911 513 3973 quamdam
522 3910 691 3964 eumtanttam
707 3917 732 3963 et
749 3913 907 3963 existentiam
927 3911 1003 3964 rebus
1015 3915 1144 3978 speratis,
1160 3912 1220 3964 tacit
1231 3921 1266 3960 crs

205 3979 273 4028 stare
287 3981 314 4028 et
325 3977 467 4030 subsistere.
