2670 4542
293 187 620 300 SECUNDAE
648 201 999 300 EPISTOLAE

460 453 530 593 B.
574 451 840 594 PAULI

23 819 32 850 .
131 714 1171 906 nuuruussnuourounsus

330 1015 589 1096 TRIPLllll
615 1011 968 1098 EXPOSITIO.

246 1236 404 1300 anaarsr,
425 1236 655 1300 rilnlrunnsr,
676 1234 788 1296 trouu
805 1233 1056 1302 counanrrnro.

113 1455 1173 1500 cummanummmnoemmmmmmummmummm

335 1697 339 1706 ,
468 1645 861 1770 ranulam(
957 1627 959 1636 ’

115 1853 280 1963 Saturna
298 1897 367 1961 haec
384 1897 424 1960 ad
437 1897 730 1963 Thessalonicenses
744 1897 882 1979 Epistola
897 1897 1020 1962 videtur
1032 1896 1108 1959 mibi
1119 1897 1177 1976 pri-

115 2020 178 2066 mae
190 2003 279 2083 quasi
297 2003 571 2083 supplementum,
586 2008 640 2066 aut
652 2001 758 2082 potius
771 2001 1046 2082 complementum.

157 2113 191 2171 ln
204 2107 416 2188 priorissenim
437 2107 583 2188 Epistolae
596 2108 697 2189 capite
710 2106 868 2183 secunde,
883 2110 915 2178 i.
936 2112 977 2169 27
990 2109 1023 2170 et
1035 2113 1093 2186 28,
1107 2124 1179 2169 cum

116 2215 218 2278 multo
232 2213 388 2278 desiderio
406 2209 505 2291 semel
519 2216 551 2277 et
569 2213 685 2276 iterum·
699 2215 841 2279 voluerat
858 2213 970 2276 Paulus
985 2213 1025 2276 ad
1045 2215 1180 2278 Thessa·
1254 2277 1256 2280 ,

116 2319 292 2382 lonicenses
306 2317 419 2382 redire.
434 2322 470 2380 ln
490 2317 591 2399 capite
603 2319 696 2382 tertio
709 2365 718 2398 ,
732 2322 764 2391 l.
781 2316 837 2398 10,
852 2319 947 2397 huius
972 2318 1020 2381 sui
1034 2318 1179 2382 desiderii

118 2423 331 2503 impletionem
344 2426 506 2502 oraverat,
520 2426 557 2487 ut
569 2470 578 2503 ,
593 2423 732 2504 scilicet,
748 2422 945 2488 sermonibus
959 2414 1032 2486 suis
1042 2424 1180 2503 comple·

116 2532 166 2590 ret
179 2544 248 2607 quae
261 2523 392 2590 deerant
408 2518 732 2592 'thessalonicensium
744 2527 828 2592 fidei.

154 2631 251 2695 Variis
265 2633 372 2695 autem
389 2631 524 2712 negotiis
543 2635 575 2696 et
590 2632 760 2698 obstaculis
782 2632 950 2714 impeditus
963 2650 1004 2696 ne
1016 2632 1125 2696 redeat
1139 2632 1179 2695 ad

116 2755 189 2816 eos,
203 2754 260 2816 per
282 2737 364 2799 hano
383 2737 570 2818 Epistulam,
585 2737 674 2818 quasi
695 2754 751 2820 per
770 2737 943 2818 praesentiae
967 2753 1032 2799 suae
1055 2737 1180 2816 suppla-

117 2845 277 2916 mentum,
293 2842 367 2905 facit
384 2843 519 2922 absens,
534 2841 619 2924 quod
632 2840 759 2906 lecisset
779 2845 936 2924 praesens,
954 2839 1051 2904 fidem
1066 2838 1179 2920 quippe

116 2946 441 3010 Thessalonicensium
459 2948 607 3027 roborat,
628 2964 718 3028 spem
740 2945 865 3028 firmat,
891 2947 1012 3036 animos
1030 2945 1122 3027 erigit
1132 2947 1176 3028 'ad

114 3054 298 3115 constanter
310 3069 367 3133 pro
381 3051 504 3116 Christo
524 3051 716 3133 patiendum.
775 3055 782 3098 -’

154 3161 215 3220 Pro
227 3172 326 3236 regno
340 3156 393 3220 Dei
416 3155 571 3237 patimini,
587 3155 708 3239 inquit,
722 3157 811 3221 vobis
829 3155 983 3220 tribulatis
997 3153 1114 3236 aiusto
1127 3159 1176 3218 lu·

114 3259 182 3326 dice
203 3260 328 3340 requies
347 3264 464 3324 aeterna
486 3261 610 3324 dabitur
621 3286 630 3342 3
642 3278 699 3326 vos
718 3265 824 3325 autem
841 3260 1061 3325 tribulantibus
1078 3260 1177 3324 tribu-

118 3367 186 3429 latio
201 3364 415 3446 retribuetur,
430 3383 541 3446 poenas
563 3365 607 3428 illi
621 3365 739 3428 dabunt
756 3369 889 3429 aeternas
906 3365 959 3428 :in
972 3365 1061 3429 vobis
1080 3363 1176 3445 verb,

20 3489 22 3556 j
112 3469 231 3534 sanctis
256 3468 341 3549 suis,
356 3470 581 3550 glorificabitur
601 3474 635 3535 et
656 3469 844 3534 admirabilis
861 3469 917 3534 fiet
939 3472 1041 3549 Deus,
1055 3467 1176 3533 tantiam

115 3591 189 3654 ergo
207 3576 315 3639 vestra
328 3574 414 3654 digni
432 3574 501 3638 sitis
515 3575 689 3662 vocatione.

152 3678 207 3741 llis
223 3684 256 3742 et
269 3676 422 3741 similibus
434 3678 468 3740 in
480 3694 549 3759 cap.
563 3687 577 3742 1
591 3725 600 3758 ,
619 3679 743 3742 illorum
756 3677 851 3743 fidem
864 3682 896 3741 et
909 3679 1088 3759 patientiam
1098 3699 1177 3744 con-

111 3785 237 3864 firmat,
252 3783 360 3847 laudat
380 3784 561 3865 utramque,
576 3785 612 3848 ut
629 3786 793 3868 utramque
812 3783 996 3864 confirmet,
1017 3791 1130 3867 augeat
1144 3791 1176 3848 et

111 3891 283 3970 compleat.

223 3986 267 4030 rn.
531 4011 535 4017 -
1005 3981 1016 4029 ι
