2622 4552
297 275 465 336 taietnx
482 285 705 338 expositio.
726 284 808 338 CAP.
827 283 893 336 xii.
1073 281 1125 334 '693

68 380 159 448 rentes
172 373 232 430 neo
248 389 312 429 curn
325 383 400 432 metu
415 384 444 431 et
458 393 505 432 re·
527 381 666 429 serviamus
684 391 742 428 eum
761 381 830 426 metu
850 373 958 437 pudico,
972 373 1046 422 rerlti
1065 371 1124 432 quid

69 455 198 506 verentia.
527 449 601 508 turpe
620 457 705 494 eoram
724 455 753 494 eo
766 443 863 502 locere,
876 447 900 490 et
914 443 973 490 ou'm
987 441 1125 490 reverentia

245 577 251 588 ⁸
529 514 641 574 religiosa
655 513 726 562 illum
739 513 836 562 sineere
848 510 974 568 uolentes;

101 578 147 628 29·
173 579 281 630 Etenim
308 579 390 635 Deus‘
411 588 505 634 noster
558 583 657 630 Etenim
667 582 733 630 usus
748 580 1001 640 nostar‚tnstarigule
1018 579 1126 640 flagran-

68 653 137 719 ignis
149 665 318 706 consumens
330 659 381 706 est.
527 652 618 700 tissimi
629 687 635 708 ,
646 650 706 710 legis
717 662 769 700 sum
779 647 925 707 violatores,
935 647 978 695 ubl
991 647 1055 705 ruit,
1064 648 1125 705 urit,

528 721 640 777 torquet,
667 717 811 775 consumit,
839 728 887 765 neo
911 713 997 763 mlnrls
1018 715 1126 775 graviter

527 785 682 835 Christianos
703 787 793 847 puniet
812 785 887 845 quarn
906 782 1019 841 ludam,
1032 783 1083 830 imo
1097 792 1126 828 eo

527 855 631 972 mg}
639 852 690 918 quo
701 852 741 902 lex
760 851 908 912 Euangeliou
920 851 1076 912 praestantior
1089 853 1126 896 est

98 1115 161 1165 Cum
173 1118 242 1164 mnu
255 1118 278 1162 et
291 1116 438 1164 reuerentia.
449 1113 494 1164 Gr.
506 1126 566 1163 oum
585 1113 724 1161 reverentia
743 1113 767 1160 et
778 1108 912 1170 religione,
925 1105 950 1155 id
965 1109 1019 1162 est,
1033 1103 1127 1152 serriu-

65 1197 140 1242 mus,
151 1185 271 1246 inquam,
283 1195 341 1231 oum
353 1187 419 1232 metu
433 1183 537 1245 pudico,
551 1195 583 1230 ne
596 1175 657 1242 quid
668 1183 741 1242 turpe
755 1191 840 1228 eoram
852 1189 884 1226 eo
897 1176 1028 1232 iaciamus,
1039 1179 1059 1220 et
1071 1185 1127 1219 cum

64 1253 203 1303 reverentia
218 1249 332 1312 religiosa
347 1261 433 1300 coram
448 1263 477 1300 eo
490 1247 655 1299 ambulantes.

95 1338 135 1386 29.
143 1333 243 1384 Etenim
251 1333 318 1382 Deua
327 1338 409 1381 uerter
419 1332 485 1394 ipoo's
497 1335 693 1380 consummarent.
704 1327 777 1377 lleut.
788 1329 811 1374 t.
821 1329 860 1375 tt.
870 1326 924 1388 Syr.
934 1326 998 1386 ignis
1007 1322 1128 1370 devorans

66 1406 121 1462 ost,
138 1401 234 1461 idest,
254 1402 333 1448 instar
351 1401 416 1460 ignis
427 1397 633 1459 flagrantissimi,
653 1395 714 1458 legis
731 1407 784 1445 sum
803 1393 935 1442 violatores
956 1394 983 1439 ln
1002 1394 1128 1438 momento

66 1483 152 1530 urere,
164 1476 282 1530 torquere
300 1474 325 1518 et
338 1478 485 1517 consumere
498 1469 592 1528 potest.

96 1536 372 1600 Deus,utol1arltas‚
392 1535 457 1598 ignis
477 1539 514 1585 est
531 1546 716 1584 consummans
733 1536 873 1583 ereaturam
897 1529 943 1578 sibi
963 1526 1078 1586 fidelem;
1100 1529 1128 1574 ut

64 1610 178 1672 justttla,
194 1607 233 1656 est
247 1605 312 1668 ignis
323 1610 457 1666 torquens,
470 1615 621 1654 consumens
632 1603 745 1653 rebelles.

97 1677 255 1729 Alterutrum
266 1674 407 1724 necessario
421 1672 563 1736 eligendum
573 1709 581 1733 ‚
592 1677 637 1722 aut
648 1672 819 1722 consummari
831 1673 876 1718 out
887 1667 1011 1717 consumi.
1060 1715 1063 1720 ,

100 1747 200 1798 uueus
216 1744 341 1796 eharitast
359 1755 404 1792 ure
421 1743 496 1792 modo
508 1755 551 1792 oor
564 1745 590 1790 et
606 1753 679 1791 renes
692 1752 762 1789 meos
779 1741 818 1788 tui
834 1740 927 1786 amoris
938 1737 1010 1798 igne,
1022 1745 1071 1794 quo
1083 1731 1131 1780 ali-

68 1815 172 1880 quando
184 1817 211 1863 ln
223 1817 249 1862 te
260 1813 454 1863 transformatus
467 1813 671 1870 consummanet
684 1819 815 1870 nunquam
825 1807 928 1868 justitiae
938 1809 987 1852 tuae
1000 1804 1056 1862 igne
1069 1813 1131 1849 con-

65 1898 153 1936 sumar
166 1886 193 1933 ln
205 1887 298 1932 aeterua
309 1882 403 1931 mortet

69 2005 243 2066 corollarium
251 2009 361 2074 pietatis,
375 2019 419 2060 teu
427 2011 455 2061 io
471 2009 517 2061 loo
527 2009 609 2072 ooptto
617 2009 659 2068 tt,
672 2007 706 2058 od
723 2007 839 2069 pietatem
852 1999 961 2054 maxime
972 1998 1097 2057 notando,
1110 2001 1131 2047 rt

450 2081 486 2130 ud
502 2078 607 2148 proxim
624 2078 769 2139 reoipeooto.

96 2223 228 2271 Parum-
235 2214 374 2268 Recordare
393 2212 461 2275 quid
475 2213 530 2260 rita
543 2210 681 2260 christiana
694 2220 782 2260 aursus
798 2207 822 2255 et
836 2209 962 2256 certamen
981 2207 1033 2262 est,
1054 2209 1129 2256 eursu

67 2294 271 2421 oerffirsh,ulus
289 2352 378 2404 oureus
394 2355 435 2402 ria
448 2349 556 2401 difficilis
567 2352 605 2400 ast
617 2352 643 2399 et
660 2359 747 2410 aspera
763 2365 771 2396 ε
788 2357 834 2408 per
852 2346 936 2407 spinas
948 2380 954 2403 ,
965 2353 1009 2405 per
1024 2341 1131 2390 tribula-

68 2433 172 2486 tiones,
192 2437 237 2487 per
255 2435 359 2482 eruces,
369 2433 414 2485 per
432 2421 529 2472 medios
545 2419 643 2477 hostes.
655 2415 802 2480 peremtio,
815 2427 859 2477 per
877 2414 1001 2462 bonorum
1017 2413 1131 2473 rapinam

67 2499 143 2548 nohis
157 2498 196 2544 est
210 2491 373 2542 currendum.

98 2569 168 2616 llino
181 2563 298 2614 omnibus
311 2560 461 2611 Christianis
474 2557 605 2622 Apostolus
618 2557 679 2606 diolt
688 2574 696 2606 z
705 2557 757 2604 Per
767 2555 916 2616 potientium
928 2564 1073 2607 curramus,
1087 2556 1130 2598 ete.
1174 2567 1178 2574 ·

99 2646 416 2706 sponsum-lieentum
431 2644 498 2706 quod
511 2643 544 2692 ad
562 2644 628 2692 liano
642 2643 791 2704 patientiam
803 2636 962 2696 habendam,
975 2636 1132 2698 aspiciendus

66 2729 99 2777 sit
111 2724 185 2773 lesus
196 2719 326 2777 Christus,
339 2715 397 2764 ildel
411 2717 502 2762 nostrae
513 2716 602 2760 auctor
613 2717 639 2759 et
651 2711 848 2758 consummator.

99 2793 203 2842 Primus
214 2787 280 2837 hano
292 2788 359 2834 riam
370 2784 444 2840 iniit;
456 2780 524 2829 illius
536 2780 681 2840 asperitates
697 2789 743 2825 suo
758 2775 880 2833 sanguina
892 2770 1015 2819 delinivit.

101 2863 204 2910 Primus
216 2855 248 2906 ad
262 2858 357 2905 metam
368 2850 498 2914 pervenit:
511 2847 621 2908 hincque
633 2857 679 2894 nos
694 2844 738 2894 irio
751 2846 880 2893 currentes
890 2845 984 2902 spectat
996 2875 1002 2898 ,
1014 2838 1133 2900 nobisque

66 2941 177 2984 coronas
191 2927 326 2990 proporat.

102 3007 166 3055 ane
178 3002 251 3051 uideo
265 2998 338 3050 culos
349 3001 449 3060 opertos
461 3002 483 3045 et
492 2994 577 3046 tuom
587 2995 692 3042 stantem
704 2988 721 3039 ὰ
732 2987 823 3038 deotatr
832 2986 892 3044 Det,
904 2986 940 3034 ait
952 2984 981 3033 D.
993 2983 1133 3046 Stephanus

66 3075 171 3140 patiam
185 3073 210 3120 et
222 3080 266 3132 per
281 3069 429 3131 patientiam
444 3074 563 3113 currens.

101 3138 211 3192 sedebat
227 3137 340 3187 Christus
359 3137 387 3184 tn
410 3133 508 3183 dextera
525 3131 569 3180 liei
579 3133 630 3193 ‚ut
648 3123 916 3192 numerauimus
932 3139 939 3172 a
956 3126 982 3171 at
1000 3121 1042 3170 ubi
1059 3133 1133 3169 sunm

68 3207 228 3273 discipulum
245 3217 290 3269 per
308 3205 455 3268 patientiam
472 3201 536 3250 vidit
551 3202 710 3258 currentem,
722 3195 847 3251 surrexit,
865 3196 934 3242 stans
949 3190 1070 3240 sollicitus
1089 3202 1133 3251 pro

69 3283 203 3333 imitatore
214 3287 260 3326 suo
271 3293 278 3323 r
291 3275 414 3338 preparat
423 3269 459 3319 illi
470 3267 630 3330 triumphurn
641 3303 648 3326 ‚
661 3267 762 3316 obviam
772 3263 843 3311 venit
854 3272 913 3309 eum
928 3263 1102 3308 coronaturus.

100 3350 162 3400 liaeo
177 3351 205 3396 tu
221 3345 301 3406 ooglta
318 3343 433 3405 patiens,
452 3338 535 3400 nsploe
549 3334 678 3385 Christum
691 3333 782 3382 dueern
795 3333 887 3387 tuum,
904 3325 1029 3387 exemplar
1042 3328 1133 3383 tunm,

69 3419 250 3470 coronatorem
261 3416 345 3462 tuum.

103 3489 185 3536 Curre
198 3487 254 3548 post
269 3485 351 3545 ipsum
361 3499 368 3540 ς
380 3475 474 3528 atl'lroo
489 3474 534 3523 tibi
548 3472 632 3536 praeit.

103 3558 185 3607 Curre
198 3554 328 3615 sicutipse
339 3569 347 3611 ;
361 3549 440 3611 ipsius
453 3555 555 3606 sequere
564 3542 668 3600 vestigia
678 3576 685 3600 ,
697 3538 754 3588 ideo
764 3549 851 3600 passus
862 3538 908 3585 est.

104 3629 185 3676 Curre
196 3623 228 3673 ad
242 3625 326 3685 ipsum
336 3639 344 3680 ς
354 3621 392 3668 est
405 3617 474 3666 enim
490 3615 557 3662 meta
568 3647 576 3670 ,
586 3610 710 3659 terminus
722 3611 747 3656 et
763 3606 905 3667 praemium.

105 3697 167 3745 loia
179 3693 260 3753 cogita
280 3692 307 3738 in
324 3688 440 3751 passione
457 3681 565 3738 christi,
583 3677 657 3726 eitl).
670 3675 797 3734 Thomas,
811 3675 883 3734 juxta
900 3664 1040 3720 seeundum
1057 3666 1135 3716 rersl-

74 3765 165 3816 nulum
177 3763 253 3822 hujus
267 3759 371 3821 eapitis,
384 3755 428 3818 qui
444 3747 634 3815 propositorum
647 3744 756 3808 paudio.

105 3832 173 3895 Quid
184 3829 351 3892 contompstte
366 3823 492 3875 Gaudium
503 3857 509 3882 ,
522 3816 642 3882 gloriam.
652 3824 728 3876 opes,
739 3813 788 3860 eto.

106 3903 140 3952 Et
150 3905 180 3949 tu
196 3897 344 3960 temporalia
359 3897 502 3944 contemne.

111 3969 178 4033 Quid
189 3965 330 4018 sustinuit?
341 3962 464 4020 Crucem,
477 3957 564 4008 mortis
580 3957 691 4004 eruente
705 3946 866 4000 acerbitatem
