2612 4542
260 297 266 307 ·
292 280 460 338 TRIPLEX
477 283 699 343 EXPOSITIO.
718 285 799 343 CAP.
818 289 841 342 1.
1040 289 1096 346 teo

86 375 109 428 t.
119 373 188 440 ilto,
202 373 303 432 dileeto
312 379 368 432 dlio
378 391 475 432 seeun-
527 380 599 442 Tito,
611 382 721 442 genumo
734 381 803 441 tilio,
816 393 868 431 non
883 379 1024 432 seeundum
1039 395 1113 433 ear·

59 448 112 502 dim
121 463 289 505 communem
300 455 397 519 fldem,
410 469 474 522 gra.
498 461 556 498 uem
565 485 572 509 ,
580 449 624 499 sed
635 450 775 500 seeundum
785 449 861 498 ddem
868 449 969 499 mihiel
981 451 1096 502 111100111-

60 525 88 578 fia
102 531 126 579 et
142 541 192 593 pax
218 528 234 580 a
255 533 313 583 fleo
334 533 433 596 patre,
447 539 475 586 ep
497 529 618 577 munem,
631 519 681 578 qui
692 529 752 566 eum
763 519 791 566 in
802 517 900 567 Christo
914 520 990 578 genui
1000 521 1095 580 3gratla

58 603 146 658 christo
162 608 225 659 lesu
243 608 387 662 salvatore
404 623 475 663 nos-
497 585 665 646 ⁰²1³⁸¹²⁰⁰⁰
676 585 762 646 ΜΨ
770 585 886 635 emm
896 585 995 636 ΜΨ
1006 587 1094 637 sam·

59 685 100 731 lm.
497 656 551 702 1016
561 656 657 702 nostro.

80 835 123 887 1100
131 840 172 898 qul
183 851 233 889 uon
246 839 323 899 iuuit,
337 854 425 892 servus
439 842 537 893 inutilis
548 847 594 893 est.

78 903 117 964 Qui
130 905 185 956 vero
197 907 237 957 vel
248 909 348 970 verbis,
365 909 406 960 vel
416 912 534 973 operibus
544 913 615 972 suls,
633 913 789 962 eontrarium
801 911 870 974 taelt,
887 924 974 964 servus
983 924 1093 976 nequam

59 977 87 1021 est
96 976 117 1022 et
125 973 297 1028 AntichrIstus.

77 1039 130 1091 lieus
138 1042 214 1092 bonet
227 1043 295 1095 Deus
308 1045 433 1096 elemensi
448 1047 514 1098 Deus
524 1050 681 1099 misericors!
696 1061 773 1112 pareo
784 1049 848 1100 mihi
860 1087 866 1110 ,
877 1049 995 1112 indigno,
1006 1049 1090 1101 inutili

56 1109 75 1155 et
85 1120 180 1170 nequam
192 1123 263 1162 servo
276 1116 339 1174 tuo,
353 1117 391 1163 tot
407 1118 432 1164 et
443 1118 482 1164 tot
502 1117 529 1166 tu
548 1117 629 1166 olileio
645 1128 703 1166 meo
713 1119 945 1178 prevaricationes,
957 1121 994 1167 toi
1010 1118 1090 1180 negil-

55 1177 130 1233 gentias
140 1179 164 1226 et
175 1181 339 1241 omissiones,
353 1185 392 1230 tot
401 1182 477 1232 verba
486 1219 496 1244 ,
505 1187 591 1245 totque
606 1195 682 1245 opera
692 1183 802 1244 inutilla,
814 1186 913 1244 nociva,
924 1184 1072 1236 scandaloso
1082 1225 1089 1249 ,

56 1243 133 1292 animas
147 1245 161 1294 d
175 1249 200 1295 te
213 1251 363 1299 avertentia.

76 1309 104 1359 lla
116 1312 189 1375 mint,
201 1313 216 1363 o
229 1317 343 1377 piissime
359 1317 448 1368 Pater!
467 1317 624 1368 voluntatem
637 1322 709 1368 tuam
720 1317 820 1369 ddelids
833 1321 951 1380 exsequi,
971 1321 1054 1370 verbis
1066 1328 1092 1371 et

55 1379 147 1439 operibus
159 1381 234 1433 iidem
250 1386 279 1434 in
300 1384 439 1436 electorum
454 1391 558 1436 tuorum
574 1388 708 1436 animabus
721 1399 828 1448 augere,
848 1389 967 1448 pietatem
977 1389 1090 1448 nutrire,

55 1459 107 1508 spem
119 1451 244 1513 roborare,
258 1453 411 1504 charitatem
427 1455 576 1516 accendere,
593 1458 622 1505 ut
636 1468 665 1504 ex
681 1467 724 1504 ore
737 1455 837 1504 Domini
850 1457 900 1503 mei
911 1455 970 1504 lesu
984 1454 1090 1514 Christi,

55 1513 147 1641 tslliitui,
159 1518 261 1570 audiam
282 1520 420 1583 aliquando
435 1541 444 1573 a
459 1525 542 1585 ane,
556 1535 625 1572 serre
644 1523 743 1572 1100001
763 1522 860 1586 fidele,
878 1523 941 1585 puio
960 1524 988 1572 ie
1006 1535 1091 1586 poure

64 1585 143 1637 Μὴ...
856 1631 859 1637 .

76 1652 117 1704 lite
137 1659 165 1706 ut
179 1659 205 1707 ln
221 1658 278 1710 eliis
294 1663 413 1722 prestare
428 1659 527 1720 valeas,
545 1661 572 1708 ln
590 1661 723 1722 temetipso
737 1659 850 1722 primdm
870 1661 968 1722 operurl
990 1661 1065 1711 stude
1081 1681 1088 1710 ι

56 1721 133 1772 assidui
145 1726 211 1775 verbi
223 1726 306 1777 divini
317 1727 496 1786 meditatione,
508 1727 658 1788 digestione,
670 1732 695 1776 et
708 1729 735 1776 in
749 1730 821 1775 tuam
834 1731 905 1788 quasi
922 1728 1088 1778 substantiam

54 1790 246 1844 transformatione
255 1831 266 1856 ,
275 1794 355 1850 tidem
366 1798 439 1844 tuam
450 1795 554 1856 robora,
568 1797 688 1858 pietatem
698 1793 797 1856 refove,
816 1807 888 1858 spem
898 1796 990 1857 tirma,
1004 1797 1090 1847 ehari-

55 1861 113 1908 tutem
125 1862 257 1913 inflamma.

76 1926 155 1987 ignitus
168 1931 229 1981 alios
243 1930 401 1982 illuminabis
418 1934 444 1982 et
459 1931 597 1983 enleiaeles.

76 2009 94 2056 4.
113 2011 159 2060 lito
178 2013 277 2064 dilecto.
289 2013 335 2064 Gr.
352 2026 486 2076 germano,
506 2013 533 2063 id
554 2016 607 2074 est,
623 2025 684 2062 vero
703 2017 730 2062 et
744 2015 854 2077 genuino
869 2012 939 2076 filio,
954 2013 1090 2062 secundom

56 2073 112 2131 idem
122 2080 180 2130 mlhl
193 2086 217 2131 et
234 2082 271 2132 illi
290 2095 461 2141 communen,
477 2082 528 2145 qud
544 2081 659 2131 illumin
674 2081 773 2130 Christo
786 2083 871 2141 genui.

76 2141 133 2194 lites
142 2152 176 2196 ast
186 2149 290 2199 initium
302 2154 424 2199 ereatura
433 2149 477 2200 lloi
490 2168 497 2198 r
510 2149 571 2199 hine
583 2149 628 2209 qui
637 2147 714 2197 fldem
722 2147 795 2197 alteri
807 2149 995 2208 communicet,
1010 2149 1089 2210 ipsius

56 2210 74 2256 iu
82 2211 166 2266 Christo
178 2222 248 2280 pater
268 2223 324 2279 est,
342 2218 462 2281 huncque
477 2221 505 2269 in
523 2219 622 2269 Christo
639 2219 727 2279 gignit.

65 2279 150 2394 dtinures
169 2285 307 2336 Christiani
327 2285 419 2336 debent
438 2299 492 2338 esse
511 2285 686 2351 Apostolorum
703 2287 816 2347 germani
831 2283 887 2333 lilii.
899 2283 960 2334 Vlde
979 2287 1089 2346 primam

55 2357 65 2392 t
89 2349 144 2402 Tim.
158 2358 183 2416 t,
197 2369 224 2406 n.
238 2359 268 2406 2.

77 2425 262 2492 (110111101ρο0.
284 2431 328 2481 Gr.
347 2433 440 2492 mutia,
457 2429 628 2480 misericordia
645 2433 670 2479 et
683 2442 740 2492 pax.
754 2429 791 2479 lte
806 2428 990 2488 l'heodoretus,
1006 2427 1089 2477 Theo·

54 2487 173 2555 thineus,
184 2497 368 2549 OEeumenlus.

76 2562 176 2616 ttamen
186 2566 215 2618 n.
226 2568 422 2631 chrysostomus
438 2570 468 2618 ln
487 2579 532 2619 suo
549 2570 619 2618 textu
629 2579 724 2630 greco,
741 2581 793 2618 non
808 2567 884 2616 hahet
895 2564 968 2623 iiior,
987 2568 1088 2617 miseri·

56 2631 128 2683 cordia.

75 2698 113 2750 Sed
126 2706 188 2766 qnod
205 2708 263 2771 plus
281 2711 337 2768 est,
355 2709 427 2768 Juxta
447 2706 581 2756 Erasmum
601 2705 645 2755 hie
660 2707 689 2754 iu
711 2707 797 2764 notis,
813 2703 970 2764 origenesin
983 2702 1088 2764 epistola

54 2766 76 2814 ld
87 2769 214 2837 Romanos,
227 2781 354 2826 annotans
364 2789 396 2827 ae
407 2776 563 2834 distinguens
574 2772 667 2823 formas
680 2772 862 2822 salutationum
877 2770 969 2831 quibus
979 2769 1008 2818 li.
1024 2769 1088 2819 Pnu-

54 2831 83 2884 lus
103 2853 157 2892 usus
173 2849 209 2894 est
230 2847 258 2894 ln
279 2843 385 2905 singulis
401 2842 529 2906 epistolis,
545 2843 583 2891 sio
596 2841 724 2903 loquitur,
740 2840 774 2889 ad
791 2839 901 2888 Timoth.
913 2839 995 2919 prima
1007 2843 1032 2887 et
1049 2849 1088 2888 se-

54 2907 133 2958 cunda:
149 2914 234 2963 Gratia
247 2919 271 2963 et
282 2913 458 2963 mmerieordio
469 2919 491 2961 et
503 2923 571 2974 pue,
590 2917 649 2974 eto.,·
661 2909 693 2959 ad
703 2909 789 2958 Titum
805 2908 881 2968 vero,
896 2913 981 2970 oratio
996 2914 1019 2957 et
1028 2921 1088 2970 ,poe

54 2969 117 3024 iiten
131 2979 212 3030 Putre

74 3041 127 3094 dim
140 3059 195 3110 ergo
212 3050 316 3100 aliunde
329 3061 377 3100 nee
392 3049 552 3110 Ambrosius,
569 3059 617 3097 nee
632 3048 662 3098 1).
679 3047 864 3110 Hieronymus,
880 3057 928 3096 neo
943 3044 987 3096 alli
1005 3044 1088 3096 latim

54 3104 140 3169 legerint
153 3119 340 3178 misericordia,
358 3120 449 3168 merito
471 3117 581 3167 creditur
596 3115 720 3166 additum.

75 3178 153 3234 lotum
166 3190 251 3238 tamen
266 3193 305 3237 est
324 3192 395 3251 patre
415 3186 539 3249 spirituali
554 3198 600 3249 pro
617 3185 669 3234 tilio
688 3183 813 3248 spirituali
827 3187 932 3243 orante,
954 3183 1060 3246 dignum
1078 3202 1086 3232 e

53 3249 100 3304 lilid
109 3255 170 3304 enim
180 3256 317 3318 spiritualis
328 3259 399 3318 pater
409 3267 455 3305 suo
471 3259 499 3306 in
511 3254 560 3303 tide
577 3254 629 3303 tilio
648 3253 737 3303 utilius
750 3258 847 3316 optaret
861 3272 867 3301 ι
885 3253 963 3313 quam
976 3254 1089 3313 pretium

53 3317 91 3373 qui
101 3325 231 3375 secundum
242 3326 319 3377 iidem
329 3327 412 3386 uirut3
427 3325 643 3382 misericordiam,
657 3321 707 3383 qud
717 3321 783 3370 liene
796 3321 863 3369 iltius
876 3323 903 3369 ln
917 3319 965 3368 ilde
979 3319 1089 3368 deiectus

54 3382 172 3454 indulgeam
179 3407 267 3456 pacem
277 3397 403 3444 internam
412 3429 420 3453 ,
430 3393 481 3454 qud
491 3392 566 3442 tidem
577 3395 602 3441 et
611 3393 717 3452 matiam
728 3389 827 3439 roboret
835 3408 844 3448 5
852 3399 940 3449 pacem
952 3390 1087 3446 eternam,

53 3455 91 3510 lud
99 3466 191 3511 coronet
202 3465 228 3512 ln
240 3466 400 3513 eternitate?

76 3521 210 3584 Huiusmodi
224 3531 342 3593 precibus
359 3529 416 3592 plus
438 3531 534 3580 ceteris
555 3527 670 3587 indigent
691 3526 805 3575 doctores
826 3526 852 3572 et
873 3519 1029 3580 sacerdotes,
1053 3521 1089 3570 eit

54 3584 75 3633 1)-
89 3590 288 3659 Chrysostomus,
308 3602 337 3648 ut
347 3599 447 3660 ouibus
462 3597 617 3646 necessitatis
629 3594 686 3655 plus
705 3595 851 3651 immineat,
862 3589 968 3652 plusque
983 3587 1089 3650 perloull

54 3652 127 3708 diuina
141 3664 284 3716 offensionis
300 3665 430 3716 incumbat
448 3683 456 3713 r
479 3675 540 3712 nam
557 3661 652 3723 quanto
667 3661 745 3710 tuerit
765 3657 852 3708 eolslor
874 3656 996 3717 dignitas,
1018 3656 1089 3704 tanto

54 3727 168 3780 sacerdotis
180 3736 275 3793 majora
292 3737 352 3784 sunt
366 3731 487 3794 pericula.
550 3743 554 3750 ’

78 3790 137 3850 Quod
149 3798 238 3850 elarius
256 3801 362 3864 explieat
382 3797 599 3861 Theophylaetus,
620 3794 706 3845 dicens
721 3811 730 3843 s
744 3791 822 3854 Magis
838 3792 906 3840 enirn
921 3792 1052 3853 episeopus
1064 3795 1090 3839 ot
1191 3821 1204 3839 a

56 3855 125 3912 doctor
134 3870 216 3927 pretio
228 3869 271 3918 liei
285 3869 396 3930 indiget,
412 3872 441 3916 ut
454 3870 497 3929 qui
509 3865 590 3915 multa
602 3875 676 3914 onera
693 3860 786 3922 uaJuiet
794 3879 802 3921 ς
816 3864 841 3908 et
859 3860 1047 3918 rameteordid,
1062 3865 1091 3908 ut

58 3929 539 4002 100000110100110150111000,οῑ
553 3934 597 3998 qui
610 3931 692 3985 tuuis
701 3933 726 3982 et
736 3930 878 3982 innumeris
886 3927 942 3984 tells
951 3929 1091 3992 impetitur.
