2612 4542
210 330 264 384 tie
384 323 569 380 SECUNDAE
587 320 786 376 EPISTOLAE
805 319 854 374 io
873 315 1101 374 addubitauit

241 421 249 484 (
258 421 290 470 iii
301 431 333 470 ne
349 422 447 470 mireris
469 419 547 480 siqui
567 419 618 466 sint
637 419 703 468 inter
718 415 805 466 cinls-
861 417 906 469 90.
921 417 953 466 in
966 425 1063 478 magna
1078 415 1170 464 antem
1181 409 1252 464 domo

209 491 291 539 tianos
307 502 358 538 non
370 491 449 538 sancti
465 490 490 537 ei
508 499 560 536 non
573 485 658 536 iideics
669 484 695 549 );
707 497 767 534 nam
779 487 806 534 ln
828 509 885 548 „011
897 491 985 546 solam
999 497 1063 542 sunt
1072 503 1135 542 vasa
1147 497 1253 542 aureaet

209 555 339 614 Ecclesia,
358 556 425 604 sicut
444 555 470 602 in
487 565 578 614 magna
594 554 684 614 domo,
695 565 747 602 non
764 565 806 601 so-
829 576 967 636 argenoea‚
979 566 1029 620 sed
1040 571 1068 620 eg
1079 565 1168 632 lignea
1178 565 1253 619 egge.

209 623 263 673 idm
278 628 338 672 sunt
351 636 410 672 nasu
425 633 502 672 aurea
520 625 547 672 ei
564 627 700 684 argentea,
714 620 806 680 idest,
832 648 907 701 mia,

208 691 325 741 hominos
340 691 407 740 iirmi
424 694 449 741 et
467 688 577 739 illustres
594 691 621 738 in
637 688 686 738 ilde
697 692 722 737 et
731 689 808 748 justi·
898 687 907 711 ’

208 763 263 816 tias
279 760 323 812 scd
336 763 413 810 etlam
426 759 508 821 lignea
522 761 547 808 et
558 761 681 818 testacea,
693 756 808 806 homines

210 829 343 889 volgares,
359 828 457 892 traglies
469 831 494 879 et
510 825 604 877 lniirmi
623 827 651 875 in
669 825 719 876 ilde
739 829 764 876 et
780 827 808 874 in

209 899 332 948 moribus.
353 933 363 947 .

239 1061 268 1110 ln
280 1063 335 1121 ejus
346 1060 426 1110 oculis
438 1062 514 1110 rivos
528 1061 612 1123 ipsum
632 1061 721 1120 imque
730 1057 851 1108 continue
864 1057 961 1106 videbo.

239 1136 354 1184 Decedet
370 1135 403 1184 ub
421 1136 563 1197 iniquitate.

239 1203 307 1276 Nihil
318 1203 418 1266 prodest
434 1208 536 1253 externa
550 1202 732 1253 christianismi
750 1200 884 1264 professio,
899 1201 920 1249 si
936 1198 1003 1250 mala
1018 1201 1051 1250 sit
1061 1202 1123 1251 viia.

240 1280 312 1328 Fides
324 1280 376 1329 aine
388 1278 507 1342 operibus
524 1284 626 1328 mortno
642 1283 685 1326 eet.

239 1347 351 1409 Christi,
367 1349 450 1398 sancii
464 1351 489 1397 et
508 1347 586 1408 lusti,
598 1349 699 1394 nonest
715 1346 762 1406 qui
773 1345 881 1405 iniustus
892 1347 917 1392 et
931 1343 1013 1394 malus
1024 1347 1069 1394 est.
1173 1343 1175 1350 ⁴

238 1417 374 1467 Peccatum
392 1419 486 1479 ergoet
499 1416 649 1477 injustitiam
666 1426 768 1463 omnem
777 1413 918 1474 fugiamus,
934 1412 1029 1462 bonum
1045 1415 1176 1464 sectemur.

240 1486 287 1536 Per
307 1487 376 1537 bona
393 1498 468 1548 opere
492 1487 651 1536 vocationem
674 1486 786 1534 nostram
807 1486 832 1531 et
851 1481 999 1531 eiectionem
1017 1484 1115 1532 certans
1137 1482 1254 1534 aciamus.

208 1555 238 1606 li.
252 1555 318 1606 Petr.
334 1556 447 1606 secunda
458 1557 531 1618 episi.
543 1557 568 1605 2.
689 1557 693 1563 '

239 1620 315 1675 Porro
326 1625 491 1687 precedentis
501 1625 714 1685 interpretationis
725 1624 828 1671 initium
846 1625 872 1672 et
885 1622 956 1682 quasi
972 1620 1137 1672 fundamenta
1149 1625 1223 1684 reperi
1234 1625 1255 1671 in

209 1694 388 1756 Chrysostomo
400 1728 407 1753 ,
421 1696 446 1742 ct
458 1691 527 1741 iliam
542 1692 660 1741 omnibus
676 1691 733 1740 aliis
744 1691 952 1752 expositionibus,
966 1689 1031 1738 scrib
1042 1690 1057 1738 i
1068 1703 1117 1740 me
1129 1691 1256 1742 considera·

209 1763 242 1811 tis
253 1799 259 1821 ,
272 1762 391 1825 praelum
404 1762 465 1822 qula
479 1760 534 1811 hec
549 1759 689 1810 naturalior
699 1763 751 1820 cst,
761 1764 857 1809 textum
868 1758 1001 1808 litteralem
1010 1758 1104 1810 clanim
1119 1763 1256 1828 explicatu

209 1829 322 1893 Apostoli
330 1835 442 1881 mentem
455 1832 495 1880 sic
501 1831 618 1894 exponit,
632 1833 661 1878 ut
673 1829 758 1878 omnia
772 1828 819 1878 sibi
831 1829 939 1878 invicem
951 1827 1102 1879 cohereant.

239 1899 294 1949 lion
305 1902 340 1950 iin
350 1899 414 1949 mibi
432 1899 516 1948 visum
527 1901 565 1947 est
579 1897 610 1946 de
621 1896 678 1946 aliis
696 1896 952 1958 interpretationibus.

241 1971 306 2021 Turn
318 1971 377 2031 quia
388 1968 419 2018 ad
430 1968 474 2018 liei
487 1967 587 2017 decreta
600 1970 773 2026 recurrentes,
786 1964 911 2028 explicent
922 1965 1058 2016 obscurum
1072 1979 1118 2029 per
1130 1968 1255 2028 obscurius
1295 2027 1296 2038 χ

239 2044 305 2094 Tum
317 2042 395 2102 quia,
409 2041 497 2089 contra
508 2038 537 2088 b.
556 2036 626 2087 Pauli
640 2040 752 2087 mentem
773 2039 799 2086 et
809 2036 900 2096 verba,
915 2038 963 2097 qui.
975 2038 1002 2085 ln
1022 2038 1076 2099 ipso
1087 2037 1254 2100 fundamento,

209 2122 254 2162 seu
268 2107 497 2160 laudamentaiibus
510 2105 648 2170 lapidibus,
663 2119 694 2156 ex
706 2117 776 2155 more
786 2141 793 2166 ,
804 2103 930 2167 signacula
943 2108 1044 2168 reponit
1056 2125 1065 2159 ι
1077 2109 1124 2172 ipsi
1136 2107 1150 2158 e
1165 2111 1255 2171 contra,
1295 2147 1296 2166 ,

209 2175 527 2238 iniundetore,seuiieo,
540 2175 799 2237 sigillaconstitunnt.
1295 2177 1296 2198 ¹

240 2248 356 2296 Primum
369 2247 438 2294 enim
451 2243 629 2306 signaculum:
645 2243 719 2299 Nouii
733 2243 856 2294 Dominus
857 2275 905 2299 .....
908 2275 922 2297 a
936 2242 1061 2306 explicant
1074 2244 1106 2294 de
1116 2241 1255 2309 prescientii

209 2317 271 2376 lici,
285 2328 328 2366 seu
340 2315 568 2378 predestinatione.

241 2385 447 2446 Utraqueautem
458 2383 545 2436 inliso
558 2386 608 2446 est,
623 2395 675 2434 non
690 2388 716 2435 in
733 2385 811 2436 iidcii

245 2452 359 2514 Σφραγιι,
371 2451 530 2514 signaculum
545 2453 612 2514 quod
631 2455 778 2505 inscribitur
792 2455 884 2518 lapidi,
897 2454 937 2505 vel
949 2457 976 2506 in
994 2456 1091 2507 annulo
1110 2456 1253 2519 insculpitur.

239 2523 309 2573 inter
326 2522 388 2573 alias
399 2522 592 2587 explicationes,
604 2525 692 2586 'tyrini
701 2528 727 2575 et
736 2525 799 2576 iisiii
817 2525 949 2591 explicatio
960 2527 1040 2590 magis
1050 2528 1143 2592 placet.
1152 2529 1254 2579 Videatur

208 2593 294 2654 itaque
305 2629 313 2654 ,
325 2593 346 2642 sl
358 2605 410 2642 non
419 2591 517 2655 placeat
533 2596 628 2644 nostra.

240 2670 281 2718 20.
295 2668 326 2718 in
337 2679 431 2730 magna
441 2673 525 2717 cutem
541 2670 624 2719 domo.

239 2736 324 2786 ilirari
338 2737 395 2798 quis
410 2739 492 2798 posset
502 2737 570 2798 quod
581 2739 648 2788 inter
659 2737 864 2800 christianos,id
878 2743 915 2790 est
924 2775 931 2802 ,
941 2741 1007 2792 inter
1022 2739 1110 2792 iideies
1120 2744 1146 2793 et
1159 2745 1252 2802 ιιιιιιιι,

209 2806 367 2868 reperiantur
377 2805 481 2866 quidam
492 2804 604 2856 lniideies
619 2809 644 2855 et
657 2805 728 2856 maii.

239 2873 310 2923 lianc
326 2877 412 2923 autem
430 2876 592 2924 mirationem
605 2873 679 2924 solvit
695 2873 845 2937 Apostolus,
858 2875 943 2926 dicens
953 2875 1021 2938 qnid
1033 2879 1061 2926 in
1073 2877 1184 2930 Ecclesia
1204 2878 1251 2938 bei,

210 2944 277 2992 sicui
288 2943 315 2990 ln
333 2954 423 3003 magna
440 2941 528 3002 domo,
538 2937 590 2990 sini
608 2943 691 2991 omnis
706 2947 803 3004 generis
814 2957 882 2994 vasa.

222 3014 452 3134 ἰ(ξιιιιιιῗιιιιιιιίὲὶιιιιιι
463 3021 486 3064 et
500 3018 764 3078 argentee,nimirurn
780 3018 848 3068 ilrmi
861 3023 885 3069 et
896 3017 1005 3070 illustres
1016 3023 1043 3070 iu
1057 3020 1123 3084 ilde,
1135 3023 1161 3073 in
1170 3022 1252 3084 iustitia

205 3095 221 3133 e
258 3099 275 3133 n
290 3097 304 3134 c
322 3095 350 3133 ar
397 3097 420 3135 e.

236 3151 355 3212 Quadam
380 3153 461 3215 lignea
483 3160 505 3204 et
521 3154 619 3218 fictitie.
640 3155 684 3207 Gn.
704 3160 813 3208 testacea
829 3178 836 3208 ι
852 3156 962 3221 scilicet,
976 3159 1108 3223 vulgares,
1128 3161 1252 3225 iragiiesoi

206 3221 302 3272 iniirmi
316 3223 344 3271 in
357 3221 407 3271 ilde
421 3226 446 3272 et
462 3224 489 3272 in
500 3224 622 3275 moribus.

238 3297 360 3356 Quodam
370 3297 399 3346 in
411 3297 545 3358 bonorem,
559 3299 586 3348 id
599 3304 637 3350 est
647 3337 654 3361 ,
665 3298 812 3351 bonoriilcls
824 3301 912 3353 usibus
927 3301 1054 3366 deputata.

237 3371 359 3431 Quadam
374 3370 484 3434 intellige
496 3375 549 3422 tam
562 3385 592 3424 ex
603 3376 686 3425 aurcis
694 3380 719 3425 et
731 3377 853 3436 argenteis
862 3375 951 3436 ,quim
963 3388 993 3426 ex
1005 3376 1095 3440 ligneis
1106 3382 1133 3428 et
1141 3378 1250 3430 testaceis.

235 3440 277 3489 Sic
292 3442 402 3490 enimin
420 3440 536 3491 domibus
555 3455 643 3505 regum
656 3446 734 3495 etiam
752 3448 950 3506 ruminiacus,
967 3447 1047 3496 vitrea
1061 3450 1087 3496 et
1102 3448 1170 3498 lutea
1183 3447 1251 3498 hono-

206 3507 285 3558 rilicia
296 3509 448 3572 deputantur
462 3510 558 3560 usibus.

237 3584 358 3642 Quadam
374 3585 402 3634 in
416 3584 611 3644 eomumeiiam,
629 3585 656 3635 id
671 3591 724 3648 est,
739 3589 766 3637 in
785 3587 877 3638 vilibus
892 3589 1040 3640 ministeriis
1054 3590 1187 3641 destinata.

233 3650 347 3714 intellige
362 3655 457 3714 parlier
472 3654 587 3716 quedom
604 3655 680 3704 etiam
697 3669 727 3706 ex
741 3659 825 3706 aureis
843 3661 869 3707 et
882 3659 1022 3720 argenteis,
1036 3663 1066 3709 nt
1078 3657 1108 3709 iit
1127 3663 1155 3710 in
1167 3657 1251 3723 paladii

203 3721 348 3780 principum
357 3720 559 3782 etdiritunr,ubi
567 3721 719 3773 videmusex
728 3729 896 3786 argentovasa
904 3727 1032 3778 vilissimis
1041 3729 1250 3792 usibnsdeputato.
1293 3723 1294 3726 ’

232 3786 306 3837 Sicut
317 3799 375 3849 ergo
384 3801 459 3839 nemo
471 3793 578 3866 miratur
594 3793 615 3840 si
626 3793 653 3841 in
664 3794 762 3854 magnis
774 3793 889 3845 domibus
900 3793 985 3857 eliqua
996 3796 1010 3845 i
1022 3795 1189 3860 fragilioribus
1195 3795 1250 3848 rasit

203 3853 352 3916 inungantur
362 3893 368 3916 ,
380 3858 402 3905 si
414 3857 497 3919 aliqua
511 3860 603 3909 vilibus
615 3858 739 3910 destinata
751 3863 899 3913 ministeriis
916 3863 1077 3927 sardensem

233 3922 274 3971 Sic
291 3924 384 3972 mirum
400 3937 452 3974 non
464 3930 501 3976 est
518 3927 584 3987 qnod
595 3927 623 3976 ln
633 3926 744 3978 Ecclesia
760 3929 836 3994 aliqui
852 3930 951 3993 irngiles
964 3933 1015 3981 sint
1027 3935 1142 3986 moribus
1153 3931 1249 3991 sordidi,

205 3989 284 4053 aliqui
300 3991 382 4053 quoad
394 3991 470 4043 iidem
483 3994 649 4057 tranguntur,
663 3999 688 4046 et
699 3996 770 4047 tracti
787 4001 919 4061 ejiciantur
935 3999 1044 4053 adoino.
