2670 4542
295 295 463 346 introbit
481 297 705 352 uxrosltto.
725 299 808 352 ChP.
827 301 885 351 111.
1084 300 1119 352 et

99 387 140 438 m.
150 385 185 439 iis
196 393 291 442 autem
303 389 351 455 qui
363 389 500 455 ejusmodi
556 390 658 440 ‘talibus
669 395 753 442 antem
771 393 964 452 denuntiamus,
976 391 1020 442 sed
1039 395 1063 440 et
1076 405 1118 441 ees

70 470 139 528 sunt,
159 465 358 520 denuntiamus
377 473 405 520 er
420 468 502 522 obse.
523 460 683 509 obsecmtaus
694 473 738 522 per
755 461 890 512 bominum
902 463 1016 510 nestrum
1032 461 1117 511 tasum

70 543 500 598 cramusjnpomjnoksuchm
523 527 660 588 Christum,
675 533 703 578 ut
713 529 796 590 quiete
806 529 956 589 laborantes,
964 528 1118 579 manducent

69 621 108 678 to
119 623 164 682 nt
175 633 242 671 cum
261 621 370 674 5110„th
383 635 502 687 opem„
523 609 616 659 paoem
630 609 722 656 suum,
728 609 788 647 -neu
801 597 923 648 alienum.

69 696 311 760 tes,suumpanem
321 697 498 750 manducent.

95 773 136 823 ie.
148 771 319 836 vosautem,
332 773 501 835 fratremne·
554 775 601 826 i'es
613 782 717 838 autem,
733 777 821 846 iratres
835 815 842 838 ,
861 791 893 828 ne
907 781 1007 830 cessetis
1017 779 1118 830 beneia-

69 846 108 898 lite
119 847 238 901 deiicere
249 848 465 906 benefacientes.
523 858 586 895 cere.

94 927 135 976 tt.
142 925 224 986 Quod
234 926 257 977 si
267 927 331 992 quis
342 928 501 980 ncnobedit
554 929 900 994 Qubdsiqtrishuicnestre
918 937 1057 995 precepto,
1074 944 1118 994 per
1204 919 1208 939 ”

68 1001 139 1054 verbo
151 1009 251 1055 nestro
261 1017 334 1069 per
345 1005 499 1070 epistolam
523 1001 589 1052 hanc
608 1001 738 1065 epistolam
764 1001 918 1064 significato,
941 1014 991 1052 nen
1014 1001 1116 1062 obedit,

68 1078 130 1132 hunc
147 1085 261 1146 notare
276 1087 304 1134 es
322 1096 357 1134 „0
368 1083 501 1135 commis.
523 1084 581 1120 eum
598 1074 699 1131 notate,
712 1076 808 1122 etcum
826 1084 856 1120 eo
872 1085 904 1121 ne
917 1074 1116 1130 conversemini,

67 1155 173 1210 cffimmi
187 1171 256 1212 cum
267 1157 329 1221 1110
340 1157 500 1212 utconsun,
523 1146 552 1190 ut
567 1141 800 1202 pudoresuiiusus,
812 1144 951 1208 resipiscat.

67 1231 156 1289 datur.

90 1392 141 1444 Vita
161 1395 246 1444 etiosa
262 1398 299 1444 est
317 1397 342 1443 et
359 1376 474 1455 curiosa,
492 1397 518 1444 et
530 1396 656 1456 inquieta,
673 1400 698 1445 et
714 1396 872 1456 inordinata,
890 1397 965 1456 quia,
979 1400 1008 1445 ut
1020 1395 1116 1446 dictum

67 1464 192 1526 strupra,
209 1464 292 1512 etium
306 1464 477 1513 curiositatem
489 1465 574 1526 parit,
589 1464 734 1525 curiositas,
748 1467 796 1512 etc.
810 1461 871 1512 Vide
885 1476 911 1512 n.
925 1466 948 1513 6.

67 1531 130 1650 deliget
144 1534 226 1582 etiam
246 1531 406 1592 inordinata,
427 1533 487 1594 quia
505 1535 593 1582 contra
608 1533 723 1583 ordinem
738 1532 799 1593 bei,
817 1532 849 1582 de
866 1546 916 1594 que
933 1545 1006 1582 versu
1022 1547 1117 1595 praece-

92 1685 125 1732 12.
143 1685 178 1734 iis
198 1689 284 1734 annm
298 1683 345 1744 qai
359 1681 483 1746 ejusmodi
493 1690 579 1735 eunt...

92 1751 207 1812 Talibus,
226 1753 371 1812 quicunque
387 1753 438 1802 slot
448 1789 455 1813 ,
467 1755 641 1817 precipimus,
653 1753 696 1803 sed
707 1758 731 1804 et
741 1753 910 1805 obsecramus.

90 1820 203 1886 Praectpit
219 1824 249 1871 ut
264 1819 416 1883 Apostolus,
436 1822 549 1872 obsecrat
565 1826 697 1886 ut·pater;
712 1828 846 1887 utrumque
866 1831 951 1876 autem
971 1839 1015 1888 per
1032 1825 1117 1876 hemi·

67 1903 119 1939 num
130 1896 250 1942 nestrum
262 1889 349 1942 tesam
364 1889 502 1941 Christum.

91 1959 203 2023 precipit
213 1971 272 2021 ergo
287 1959 462 2008 auctoritatem
472 1959 487 2008 d
499 1960 606 2010 bomine
624 1965 709 2011 nostre
721 1960 779 2010 Jesu
792 1959 891 2011 ChrIsto
907 1962 952 2011 sibi
970 1963 1070 2014 tradita.

91 2029 206 2080 Obsecrat
218 2027 374 2078 Christlanos
392 2027 480 2078 iratres
495 2042 554 2079 suos
569 2042 613 2093 per
624 2034 727 2093 paterna
743 2030 801 2079 lesu
814 2029 906 2079 Christi
920 2035 1025 2080 viscera.

91 2098 177 2162 sicque
193 2097 257 2148 iacit
269 2110 411 2150 sermonem
425 2102 450 2149 et
465 2099 641 2150 terribiliorem
654 2103 679 2149 et
688 2099 845 2148 blandiorem
861 2098 954 2158 simul,
968 2103 994 2148 et
1008 2112 1038 2149 ex
1052 2103 1116 2150 otra-

67 2180 106 2228 que
116 2173 187 2232 parte
198 2207 205 2227 ,
217 2170 321 2218 terreris
334 2168 430 2218 scilicet
446 2172 472 2219 et
486 2168 669 2229 blandimenti,
682 2170 857 2232 potentiorem.
1036 2180 1040 2184 ·
1165 2227 1170 2236 ¹

91 2239 150 2288 ilinc
166 2237 249 2288 discat
268 2237 352 2288 omnis
369 2236 502 2300 prelatus,
520 2237 613 2288 Christi
632 2238 757 2296 vicarius,
781 2240 905 2300 praecepta
921 2249 967 2286 sua
984 2238 1116 2300 mitigare,

66 2307 113 2369 plus
124 2307 258 2358 obsecrate
268 2307 345 2368 quim
358 2307 510 2369 precipere,
528 2312 553 2357 et
569 2307 601 2358 ad
612 2310 715 2370 paterna
728 2305 820 2356 Christi
833 2309 929 2356 viscera
941 2308 1031 2370 saepius
1042 2309 1116 2370 quam

66 2375 92 2424 ad
103 2376 218 2426 divinam
229 2375 323 2426 Gbristi
336 2377 510 2426 aucterltatem
522 2387 659 2428 recurrere.

91 2445 227 2506 Utrumque
251 2449 353 2505 autem,
371 2447 396 2494 et
413 2447 561 2506 potestatem
577 2447 602 2493 et
620 2444 759 2496 bonitatem
772 2437 906 2506 adhibere,
925 2444 968 2494 ubi
983 2447 1117 2494 necessitas

66 2521 110 2573 est,
128 2516 221 2579 spiritu
241 2518 266 2564 et
287 2515 373 2563 animo
393 2513 472 2576 ipsius
493 2513 601 2574 Christi,
620 2514 645 2562 id
668 2518 722 2575 est,
741 2527 790 2576 que
811 2527 872 2564 usus
895 2517 932 2563 est
953 2519 978 2563 et
1005 2518 1117 2564 uteretur

67 2583 186 2644 Christus,
206 2584 280 2644 eujus
296 2583 365 2632 vices
383 2583 468 2643 gerit:
488 2580 584 2631 scilicet
599 2595 628 2633 ex
649 2583 701 2634 sela
720 2582 855 2642 charitate,
876 2594 906 2630 cx
921 2582 973 2631 solo
989 2583 1117 2636 charitatis

66 2655 165 2712 motivo,
178 2655 208 2702 ut
222 2653 362 2714 corrigatur
372 2656 400 2700 et
410 2649 520 2700 salvetur
530 2649 607 2701 irater
616 2663 680 2714 ,pro
693 2664 743 2714 que
756 2649 870 2700 Christus
880 2655 995 2700 mortuus
1010 2654 1056 2702 est.

92 2729 119 2777 Ut
134 2741 192 2777 enm
208 2726 307 2776 silentio
319 2729 476 2788 operantes...

90 2795 208 2859 Praecipio
229 2800 255 2844 et
273 2795 392 2854 ebsecro,
411 2797 471 2854 eta,
484 2799 514 2844 nt
530 2807 586 2845 enm
604 2795 718 2851 silentio,
738 2793 763 2842 id
777 2776 827 2853 est,
839 2792 930 2842 sileant
939 2794 1115 2855 ,quietisint,

67 2865 124 2926 apud
137 2877 164 2914 se
183 2866 325 2923 maneant,
342 2874 394 2912 nen
407 2863 544 2924 cursitent,
565 2875 616 2912 non
630 2865 681 2913 sint
694 2862 791 2930 dicaces
806 2865 831 2910 et
845 2860 956 2924 garruli,
969 2861 1078 2910 nonsibi
1092 2866 1116 2910 et

66 2931 115 2981 aliis
126 2933 245 2996 inquieti.

93 3007 242 3070 tiperentes,
257 3005 386 3068 laborent,
402 3018 455 3056 nen
476 3007 527 3056 sint
547 3007 629 3056 otiosi.

91 3079 180 3139 sieque
194 3089 288 3140 penem
305 3075 551 3135 rnam,1aboresue
564 3075 660 3126 scilicet
675 3077 843 3138 acquisitum,
860 3076 1007 3125 manducent
1022 3096 1031 3125 .·
1044 3077 1116 3125 otiosi

66 3157 110 3195 aen
121 3159 217 3207 suurn,
231 3145 275 3194 sed
287 3143 399 3194 alienum
411 3143 556 3193 comedunt.

91 3214 225 3265 Silentium
237 3215 346 3277 imponit
356 3212 525 3275 inquietudini
535 3251 542 3274 ,
554 3212 664 3264 laborem
676 3216 735 3263 otio.

91 3285 159 3334 Tunc
178 3284 251 3333 labor
265 3282 334 3332 utilis
348 3289 385 3332 est
399 3285 492 3333 animae
509 3287 535 3332 et
547 3287 643 3346 corpori
656 3321 662 3344 ,
675 3285 734 3333 edm
750 3283 778 3332 tit
795 3284 822 3332 in
838 3281 937 3333 silentio
948 3319 955 3343 ,
968 3283 1054 3331 anime
1066 3293 1118 3343 pee-

67 3355 163 3416 niteotl‚
183 3355 294 3404 contrito
310 3356 341 3404 ei.
350 3352 490 3402 recollecto.

94 3441 128 3488 13.
147 3437 196 3486 Vos
215 3441 316 3494 entnn,
335 3434 455 3499 inatres...

91 3505 179 3557 bdosis
189 3507 312 3569 precepit
328 3510 356 3555 ut
372 3505 501 3554 laberents
516 3517 585 3555 nunc
595 3507 696 3555 caeteros
709 3503 814 3564 iratres,
829 3515 917 3564 cerpus
928 3501 1022 3552 scilicet
1034 3499 1118 3551 Eccle-

66 3574 118 3635 sia,
135 3575 255 3625 hortatur
274 3574 306 3623 ad
323 3573 524 3624 beneficentiam.

92 3641 151 3703 Quia
172 3643 238 3692 dixit
255 3641 287 3691 de
307 3643 409 3703 otiosis,
427 3641 578 3704 separemini
598 3640 629 3690 ab
650 3643 701 3699 eis,
725 3643 810 3689 statim
832 3637 1001 3688 misericordia
1020 3643 1117 3701 motos,

67 3711 201 3776 boensem
217 3723 252 3762 ne
267 3711 333 3762 ieme
344 3715 466 3775 pereant,
479 3711 569 3762 addit.

95 3786 138 3836 Ver
147 3793 251 3844 annm
264 3785 371 3846 iratres,
383 3799 416 3836 ne
425 3786 565 3848 fatigemini
574 3784 731 3844 benefacere
744 3797 789 3833 nec
800 3786 907 3830 vestram
919 3783 1117 3834 munificentiam

67 3862 159 3918 superet
175 3867 267 3907 eorum
285 3855 448 3918 improbitas.
461 3856 508 3904 etsi
525 3867 575 3904 non
595 3856 766 3914 corrigantur,
781 3864 812 3900 ne
827 3855 952 3913 propterea
965 3857 1064 3903 cessetis
1082 3855 1118 3902 eis

67 3921 217 4045 hodierrum·
225 4003 325 4057 semper
347 3991 455 4044 charitas
473 3995 527 4053 est,
543 3989 568 4042 td
585 3991 637 4048 est.
655 3999 752 4054 semper
770 3987 943 4052 benefaciens3
957 3990 1020 4039 sicut
1035 3989 1116 4047 Deos,
