2670 4542
188 280 224 332 aa
335 273 494 330 suranna
512 269 686 328 aristosa
704 271 749 324 ln
768 224 1100 324 rarssrcouraaasas

220 372 252 422 lit
266 374 327 421 tunc
345 373 371 419 in
393 369 476 420 lucem
493 367 602 430 prodibit
621 367 723 427 iniquus
744 361 786 412 ille
842 366 869 417 8,
885 366 919 416 Er
933 366 999 414 tunc
1016 357 1180 414 revelabitur
1205 349 1257 409 iiie

192 439 376 498 Antichristus,
393 435 603 499 quembominus
619 436 690 484 Jasns
702 432 786 482 Chris·
809 437 1021 506 inimicantem
1028 435 1258 487 Dominuslesus

193 513 232 558 tus
252 505 454 557 interficietsolo
470 507 541 565 jussu
561 507 586 553 et
602 507 667 555 nutu
686 514 731 550 suo
740 520 747 560 ς
762 503 785 548 et
810 509 1062 580 interficiesspjrjm
1077 511 1211 575 messui,
1226 517 1257 562 et

189 575 242 626 sold
256 576 416 626 irradiatione
427 572 510 638 gloria
529 583 581 622 suec
594 571 705 621 destruet
717 581 785 616 earn.
809 591 931 643 destruet
950 587 1131 641 illustratione
1142 585 1255 638 adven„

810 669 853 721 tds
865 668 907 721 sui
920 681 1000 732 enn1;

154 727 158 736 ⁵
179 717 183 723 Ι
221 755 298 816 tinius
307 753 430 805 adventus
439 756 464 803 et
475 755 557 804 omnis
565 752 675 814 operatio
684 751 732 800 erit
742 760 786 812 par
805 745 807 752 “
843 749 870 800 9.
890 745 973 812 Cujus
990 750 1031 798 est
1050 743 1185 798 adventus
1206 755 1257 793 se⁴

191 825 327 874 efficacIam
338 823 445 883 Satanae,
457 834 559 871 omnem
568 833 640 870 snam
649 820 786 882 potentiam
808 823 931 878 cundum
941 823 1130 890 operationem
1140 820 1257 872 satanae

191 896 218 943 in
227 894 281 954 ipso
292 895 370 955 etper
380 892 464 952 ipsum
473 889 611 938 exercentis
620 923 628 948 ,
638 899 682 950 per
692 888 785 948 quanta
804 893 837 953 ¹5„
853 900 929 954 omni
941 901 1056 962 virtute,
1068 895 1207 963 3313an
1224 902 1254 946 ep

191 961 282 1026 poterit
295 961 366 1022 signa
378 961 403 1006 et
414 956 526 1040 prodigia
539 953 620 1015 falsa,
809 978 941 1046 prodigiis
956 975 1150 1038 mendacibus,

222 1054 253 1104 tlt
263 1056 333 1104 omni
354 1057 408 1104 arte
426 1057 450 1103 et
463 1052 562 1104 fallacia
573 1052 677 1104 seducat
688 1051 721 1102 ad
735 1055 786 1102 ini·
843 1058 888 1107 lb.
902 1057 935 1117 Et
951 1053 979 1105 iu
996 1052 1073 1105 omni
1085 1049 1254 1104 seductione

192 1129 313 1188 aurarem
324 1139 366 1176 ⁸⁰⁸
373 1129 417 1188 (111¹
428 1126 502 1189 culpa
511 1128 557 1176 ⁵¹15
566 1129 673 1197 iterium
682 1123 784 1186 ss⁰tl1¹⁰d
808 1133 962 1199 iniquitatis
973 1132 1006 1183 iis
1017 1131 1066 1196 qui
1075 1134 1207 1196 pereunt:
1217 1143 1253 1180 eo

196 1193 353 1258 thristnm)
368 1197 498 1246 veritatem
510 1200 535 1244 et
546 1195 695 1245 charitatem
706 1197 786 1256 ipsam
808 1209 1053 1278 quodchafipapem
1062 1206 1252 1260 permagno„

222 1394 256 1444 be
276 1395 359 1445 medio
375 1396 538 1462 barbastre,
552 1397 662 1458 separari
684 1398 733 1444 aet
751 1393 794 1442 hic
814 1405 902 1444 sensus
920 1395 958 1441 est
974 1390 1108 1441 conformis
1125 1388 1259 1451 locutioni¹

193 1464 220 1513 b.
237 1465 341 1515 Josnnls
359 1467 446 1528 prima
464 1465 591 1528 epistola,
602 1477 658 1527 cap.
675 1467 704 1525 2,
719 1478 746 1514 n.
764 1466 802 1514 19.
818 1465 857 1512 Ea
871 1461 943 1512 nobis
962 1461 1127 1533 prodierunt,
1140 1461 1185 1510 sed
1200 1473 1252 1509 noa

193 1541 303 1585 mantea
316 1535 460 1594 dobmate.
792 1594 794 1600 ἲ
1209 1545 1212 1549 ·

222 1603 314 1653 Tantus
328 1617 423 1666 gruem
435 1604 511 1655 habet
527 1623 535 1654 a
550 1601 632 1654 soldm
642 1607 732 1653 tenens
747 1615 817 1652 nunc
826 1639 833 1662 ‚
843 1600 923 1650 donec
935 1599 949 1650 e
962 1597 1045 1650 medio
1055 1593 1108 1647 liat.

223 1673 278 1734 Syr.
289 1672 426 1738 dammodo
437 1674 464 1724 id
480 1673 548 1735 quod
561 1685 630 1723 nunc
640 1672 751 1733 detinet,
764 1671 865 1720 tollatur
876 1669 890 1719 d
902 1669 993 1718 medio.

220 1740 291 1791 Unde
306 1745 387 1804 potest
402 1741 547 1805 simpliciter
565 1743 630 1791 verti
649 1740 728 1790 donec
747 1739 848 1790 tollatur
867 1738 974 1788 emedio
986 1737 1011 1786 id
1024 1735 1091 1798 quod
1101 1733 1199 1784 detinet
1218 1749 1251 1785 ne

191 1812 291 1870 veniat,
304 1811 393 1872 idest,
406 1814 525 1873 iniqnitas
535 1809 627 1860 areant
639 1807 762 1861 stabilitur
773 1813 799 1859 et
808 1809 899 1870 agitne
910 1807 990 1858 donec
1004 1805 1163 1856 datdeiectio
1174 1817 1251 1868 gene-

191 1879 250 1928 ralis
267 1884 344 1932 stane
355 1883 420 1932 anim
434 1875 618 1934 ementitae...

222 1971 245 2018 8.
257 1970 293 2020 dr
307 1975 365 2028 tanc
382 1968 537 2019 revelabitur
551 1967 596 2018 itte
608 1967 720 2030 micam.
734 1964 777 2016 Gr.
796 1963 874 2014 exlex.
885 1963 914 2014 D.
927 1962 1094 2026 Hieronymus
1108 1981 1115 2010 ε
1129 1962 1186 2012 tons
1197 1964 1250 2011 ini-

192 2038 303 2097 quitatis.

221 2113 254 2160 lit
276 2117 349 2170 tune,
370 2111 397 2162 id
416 2115 469 2169 ost.
488 2110 554 2162 iacta
576 2111 750 2173 separatione,
768 2119 813 2157 sen
832 2105 898 2158 iacti
917 2104 1026 2168 generali
1045 2105 1187 2170 apostasia,
1209 2106 1247 2154 vei

193 2179 291 2230 sublato
301 2191 331 2230 eo
341 2181 408 2242 quod
421 2181 531 2230 retardat
540 2179 734 2230 Antichristum.

226 2253 292 2301 Tune
303 2253 435 2302 manifeste
452 2259 477 2303 et
494 2254 578 2316 palam
592 2252 734 2314 apparebit,
746 2252 772 2297 et
784 2252 856 2311 aget,
868 2252 896 2298 et
904 2248 1075 2299 dominabitur
1089 2249 1194 2310 iniquae
1205 2249 1249 2298 itte

192 2320 360 2371 Antichristus
369 2358 377 2382 ‚
386 2324 458 2382 qnasi
473 2325 550 2382 totius
561 2321 628 2372 orbis
641 2318 786 2369 monarcha.
989 2365 990 2368 ,

221 2389 300 2450 Quem
318 2394 373 2453 post
387 2391 483 2452 aliquos
502 2403 582 2440 annos
599 2389 721 2438 Dominus
738 2390 823 2437 noster
838 2387 910 2438 lesus
920 2387 1033 2438 Christus
1046 2387 1181 2451 interficiet
1195 2389 1249 2439 solo

191 2459 252 2508 natu
264 2461 314 2508 oris
325 2462 381 2519 sui,
398 2460 425 2509 id
437 2462 571 2582 Qum
588 2461 702 2520 nutuque
720 2469 776 2507 sno.
803 2493 808 2503 .

221 2534 253 2581 Et
267 2533 373 2582 destruet
390 2533 465 2583 ittam
483 2533 653 2583 iterantiooe
667 2530 786 2582 ademtae
800 2531 859 2590 snt,
873 2530 898 2580 ld
912 2535 965 2593 est,
976 2531 1036 2582 crim
1046 2531 1159 2596 primdm
1174 2535 1247 2596 quasi

191 2611 236 2662 per
248 2601 423 2664 crepusculum
437 2613 557 2664 apparere
570 2602 681 2664 coeperlt.

221 2668 258 2717 ld
271 2671 382 2732 palmum
391 2669 491 2720 radium
505 2681 556 2720 sua
566 2672 717 2732 praesentia,
726 2668 775 2718 hoe
788 2668 928 2730 iniquitatis
938 2671 1080 2718 monstrum
1090 2669 1203 2720 destruet
1211 2672 1247 2720 sol

190 2740 293 2797 justitiae
303 2758 311 2802 ;
323 2740 389 2790 sicut
396 2740 428 2790 ad
436 2735 496 2790 solis
503 2738 654 2800 adventum,
666 2738 785 2801 fugantur
793 2737 914 2796 tenebra,
925 2739 961 2787 ait
973 2736 1002 2786 b.
1016 2737 1199 2800 Hieronymum
1210 2743 1247 2789 si-

192 2813 235 2857 cut
244 2807 275 2857 ad
287 2809 350 2872 ignis
360 2811 617 2873 approximationem,
628 2809 811 2859 comburuntur
821 2805 946 2867 bestiola,
956 2808 992 2857 alt
1002 2806 1031 2856 b.
1043 2806 1243 2869 chrysostomus.

220 2900 245 2947 9.
261 2897 337 2959 Cujus
348 2903 383 2946 est
398 2898 516 2948 adventas
529 2895 663 2947 secunddm
675 2896 842 2958 operationem
859 2895 988 2944 samaa...

220 2963 340 3014 Describit
356 2965 495 3016 satanicam
514 2963 660 3015 Antichristi
671 2965 808 3026 potentiam
821 2960 853 3011 ad
869 2961 1053 3022 seducendum,
1068 2960 1156 3024 hisque
1172 2969 1245 3026 qnasi

191 3029 288 3080 ultimis
301 3029 425 3090 coloribus
438 3033 492 3092 ejus
507 3031 605 3096 perlicit
615 3033 760 3092 imaginem.

220 3099 267 3161 Qui
281 3099 341 3150 edm
355 3099 502 3164 advenerit,
516 3114 560 3165 per
572 3103 742 3164 operationem
756 3104 781 3151 et
801 3099 948 3152 efficaciam.
960 3101 1058 3150 satana
1071 3113 1146 3154 omne
1165 3117 1245 3166 genas

188 3168 352 3224 mendacium
367 3169 547 3230 miraculorum
560 3170 643 3221 saciet.
782 3186 784 3191 ·

219 3239 273 3289 Non
284 3240 353 3288 enim
365 3250 425 3288 vera
438 3239 511 3291 faciet
523 3238 654 3298 miracula,
667 3241 720 3289 vlm
731 3242 828 3293 natura
838 3241 982 3301 superantia
992 3259 999 3300 t
1011 3239 1054 3288 sed
1069 3239 1129 3291 falsa
1139 3279 1146 3301 ,
1158 3243 1183 3290 vi
1196 3246 1244 3292 sci-

191 3307 250 3359 licet
264 3310 376 3369 naturam
391 3307 432 3357 rel
452 3320 495 3373 per
509 3309 646 3372 prestigias
664 3307 817 3368 diabolicas,
832 3307 960 3357 lllndendo
971 3309 1084 3358 sensibus
1096 3309 1242 3360 bominum.

220 3373 285 3426 ilinc
301 3375 344 3426 Gr.
360 3375 478 3440 prodigiis
492 3375 673 3438 mendacii,·ld
687 3379 741 3437 est,
753 3375 822 3438 falsis
837 3379 862 3425 et
873 3374 1011 3426 fallacibus.
1032 3441 1033 3444 Ἴ
1066 3402 1069 3406 ·

221 3468 259 3516 to.
275 3466 307 3515 Et
317 3467 345 3516 in
357 3465 425 3516 omni
437 3466 604 3516 reductiora...
687 3463 692 3482 “

218 3534 252 3585 ot
261 3535 288 3584 in
300 3537 370 3586 omni
383 3539 437 3586 arte
453 3540 478 3587 et
490 3534 588 3585 salacia
601 3533 703 3593 seducat
713 3532 746 3583 ad
757 3532 915 3596 iniquitatem
929 3543 980 3582 non
998 3531 1120 3593 quoslibet
1129 3580 1136 3594 ,
1145 3535 1188 3582 sed
1200 3547 1242 3584 eos

189 3607 232 3666 nni
249 3609 336 3668 sponte
351 3605 396 3656 suri
408 3608 489 3669 perire
501 3605 599 3655 volunt.

219 3682 256 3729 Eo
272 3678 339 3742 qodd
351 3681 497 3732 charitatem
511 3678 652 3728 veritatis...

219 3749 349 3811 Propterea
360 3748 427 3809 qnod
438 3750 569 3798 veritatem
582 3747 597 3796 d
608 3747 707 3797 christo
719 3745 905 3806 annuntiatam,
913 3757 957 3794 sen
971 3747 1100 3796 veritatem
1111 3747 1239 3811 Evangelii

190 3817 362 3867 charissimam
372 3820 397 3866 et
407 3815 612 3865 amabilissimum
623 3813 758 3865 noluerunt
769 3815 893 3875 recipere,
909 3815 936 3862 ut
947 3826 990 3876 per
1002 3827 1056 3864 cam
1067 3815 1128 3864 salvi
1140 3815 1237 3868 tierent.

219 3885 333 3936 Christus
345 3885 453 3935 charitas
465 3890 489 3934 et
504 3888 596 3934 veritas
607 3889 658 3945 est,
669 3897 712 3932 sen
724 3885 852 3932 verissima
865 3881 973 3934 charitas
989 3888 1013 3934 et
1031 3885 1178 3938 charissima
1193 3900 1238 3939 ro·

191 3957 251 4004 ritas
263 3975 268 4003 :
282 3957 309 4002 ut
322 3955 413 4003 veritas
424 3953 526 4010 docuit,
539 3956 567 4004 ut
578 3953 687 4003 ebaritas
697 3950 811 4002 redemit.
