2622 4552
219 343 273 394 580
513 337 716 430 EPISl'OLAE
734 341 783 396 AD
800 339 992 399 HEBRAEOS

217 553 1249 586 numm-nummmmnmmmnmm
1295 533 1296 544 ¹

330 748 583 835 dNALYSIS
612 751 821 836 CAPITIS
848 749 1165 834 DUODECIMI.

216 1131 244 1198 7.
258 1134 286 1183 1.
299 1086 373 1183 Tor
385 1133 547 1183 sanctorum
558 1133 697 1192 veterum,
715 1127 751 1180 de
763 1127 828 1181 tldci
841 1127 974 1194 patientia
985 1131 1012 1180 et
1024 1126 1142 1180 utilitate
1149 1125 1252 1188 testium,
1295 1135 1296 1160 ¹

216 1213 348 1281 exemplis
359 1211 491 1266 Hebraeos
504 1216 635 1279 provocat
644 1211 681 1263 ad
693 1210 864 1263 alacritatem
875 1210 950 1263 etad
964 1209 1149 1262 constantiam
1167 1209 1194 1261 in
1205 1207 1253 1260 tide.

250 1299 278 1364 l.
291 1299 318 1351 1.
332 1296 469 1363 Antiquos
482 1294 658 1355 transiliens,
672 1292 843 1347 transcendit
856 1292 994 1360 usquead
1007 1291 1163 1356 christum,
1175 1297 1255 1345 nostra

216 1380 282 1434 fidei
296 1384 456 1441 auctorem;
474 1377 592 1447 ejusque
609 1376 771 1430 voluntariae
790 1375 929 1442 passionis
947 1373 1073 1440 exemplo
1094 1373 1217 1427 Hebraeos
1230 1373 1256 1424 ad

217 1462 380 1528 patientiam
392 1461 506 1515 animat.

250 1545 307 1610 Μ
320 1549 348 1597 et
362 1547 391 1596 1.
411 1542 562 1596 attendant
573 1555 640 1610 ergo
659 1542 723 1608 quis
738 1541 795 1594 sit?
812 1554 876 1607 quae
890 1546 918 1594 et
929 1540 1057 1606 aquibus
1074 1553 1173 1606 passus
1183 1538 1228 1592 siti
1238 1543 1258 1590 ct

215 1626 292 1692 ipsos
302 1625 420 1693 pudebit
430 1631 488 1679 tam
499 1626 571 1679 levia
584 1624 738 1692 patientes,
752 1623 832 1677 malis
847 1623 998 1676 levioribus
1008 1624 1103 1677 vinci:
1121 1643 1133 1674 r
1152 1623 1258 1677 lloudun

218 1727 230 1758 i
247 1722 336 1776 usque
349 1707 385 1763 ad
400 1705 577 1776 sanguinein,
589 1711 642 1760 etc.
655 1724 666 1756 i
863 1754 864 1758 ,

250 1793 278 1858 l·
289 1794 322 1857 5,
332 1794 359 1857 6,
370 1795 386 1844 ’1
397 1831 404 1856 ,
416 1794 449 1856 8,
461 1793 514 1844 aet
525 1793 571 1843 10.
585 1790 674 1842 Variis
689 1803 738 1844 eos
749 1789 944 1844 consolatoriis
955 1789 1113 1842 rationibus
1123 1789 1258 1845 demulcet:

214 1876 301 1940 Deus,
316 1879 346 1927 ut
360 1881 456 1941 pater,
469 1873 532 1927 illos
552 1871 684 1938 castigat,
705 1885 734 1924 n.
756 1875 782 1924 5.
801 1874 867 1926 llaeo
883 1871 1026 1939 castigatio
1046 1873 1154 1926 amoris
1171 1870 1260 1940 paterni

212 1956 358 2022 probatio,
377 1971 407 2010 n.
429 1958 456 2009 6.
475 1944 640 2023 adoptionis
655 1954 756 2006 divinae
771 1953 974 2018 testimonium,
995 1954 1054 2008 imd
1074 1961 1107 2008 et
1123 1954 1261 2009 necessaria

214 2040 354 2106 conditio,
371 2039 400 2108 5.
412 2042 450 2106 6,
464 2041 481 2090 'r'
492 2076 500 2104 ,
513 2041 540 2092 8.

250 2123 279 2176 Si
291 2136 357 2192 argo
366 2128 459 2189 patres
468 2127 582 2175 nostros
596 2123 722 2176 carnales
731 2135 796 2174 cum
810 2119 966 2174 reverentia
978 2119 1106 2185 tulimus,
1122 2121 1152 2174 in
1163 2121 1261 2190 pueritia

213 2219 267 2258 nos
283 2219 335 2272 pro
354 2218 406 2258 suo
425 2203 539 2258 arbitrio
560 2204 641 2258 etad
658 2205 745 2257 vitam
766 2203 879 2258 brevem
901 2208 930 2256 et
948 2201 1080 2256 miseram
1095 2203 1259 2271 castigantes,

215 2287 320 2353 quanto
345 2286 432 2353 magis
448 2288 558 2339 Patrem
575 2288 732 2340 animarum
747 2291 922 2350 nostrarum,
943 2298 995 2351 pro
1008 2297 1060 2336 sua
1072 2285 1219 2355 sapientia,
1234 2282 1260 2334 ad

214 2374 348 2421 aeternam
359 2369 476 2422 salutem
489 2382 542 2422 nos
553 2370 750 2436 castigantem,
761 2369 945 2430 sustinemus,
958 2367 984 2433 l.
1000 2369 1047 2420 10.

249 2450 387 2516 Equidem
402 2464 496 2504 amara
507 2465 584 2506 nuno
599 2452 709 2506 altlictio
717 2469 726 2518 ;
741 2457 769 2505 at
782 2451 877 2506 dulces
895 2455 977 2504 erunt
993 2448 1103 2505 tructus
1114 2450 1187 2506 illius
1198 2469 1204 2506 :
1216 2451 1260 2518 ipsa

215 2534 290 2587 enim
302 2538 390 2588 mater
404 2533 480 2600 pacis
495 2539 624 2600 aeternae,
638 2535 665 2603 it.
678 2538 725 2591 11.

177 2655 181 2660 .
250 2615 320 2670 ilinc
337 2617 365 2684 l.
384 2617 420 2670 11
440 2615 581 2670 concludit
596 2622 642 2682 ut,
660 2618 776 2671 excussa
796 2616 940 2682 socordia,
961 2616 1077 2670 viriliter
1096 2623 1124 2671 et
1144 2631 1191 2684 per
1205 2617 1259 2668 riam

156 2699 161 2723 ¹
214 2705 334 2766 rectam,
349 2705 462 2757 currant
484 2700 521 2754 ad
536 2700 610 2754 hanc
628 2699 830 2754 beatitudinem
847 2705 992 2765 aeternam,
1008 2699 1065 2751 sint
1081 2700 1206 2766 pacifici,
1219 2699 1259 2750 sint

215 2783 320 2847 sancti,
336 2784 363 2852 i.
377 2787 426 2849 ld,
440 2787 486 2837 tt.

249 2865 399 2920 Attendant
410 2880 446 2920 ne
458 2868 522 2934 quis
534 2881 632 2922 eorum
646 2867 718 2923 desit
730 2867 824 2934 gratiae
838 2866 901 2930 Dei,
913 2867 940 2933 l.
953 2868 1006 2931 15,
1021 2879 1059 2919 ne
1073 2865 1140 2933 quis
1154 2866 1189 2918 sit
1197 2877 1259 2917 scor-

214 2953 304 3011 tator,
314 2961 351 3001 ne
362 2949 426 3017 quis
442 2949 590 3016 profanus,
602 2948 675 3004 Esau
694 2949 809 3012 similis,
823 2963 852 3002 n.
867 2951 976 3013 16,17.

238 3029 335 3093 'Quian
348 3043 377 3083 n.
393 3034 445 3097 18,
459 3033 537 3086 tautd
549 3032 703 3086 sanctiores
723 3038 752 3086 et
770 3031 897 3098 puriores
914 3044 976 3084 csse
989 3029 1113 3096 debent,
1127 3031 1225 3099 quanto
1234 3027 1259 3080 ad

215 3110 367 3176 perfectius
384 3116 412 3164 et
431 3113 530 3166 melius
551 3117 759 3168 Testamentum
776 3113 925 3180 pertinent.
945 3113 1005 3166 Non
1022 3114 1060 3166 ad
1080 3119 1180 3180 vetus,
1200 3109 1259 3180 quod

215 3195 243 3261 ir.
252 3195 300 3257 18,
313 3195 421 3259 19,10,
435 3196 468 3247 11
478 3234 485 3258 ,
497 3195 664 3251 describitur
670 3213 679 3262 ;
693 3195 744 3250 scd
754 3195 790 3248 ad
801 3209 905 3264 novum
917 3195 953 3248 de
967 3209 1024 3262 qno
1034 3197 1062 3256 i.
1075 3199 1122 3261 11,
1135 3199 1233 3258 15,11.

248 3279 271 3328 t
287 3276 314 3342 l.
328 3277 364 3328 15
374 3289 465 3343 usque
475 3277 504 3329 in
516 3277 616 3342 tinem,
633 3283 713 3346 urget
725 3292 774 3331 eos
785 3277 821 3330 ad
832 3276 1019 3330 obediendum
1030 3278 1143 3332 Christo
1152 3270 1223 3343 ,tum
1235 3289 1260 3327 er

213 3360 358 3425 punitione
378 3372 477 3414 eorum
499 3359 548 3426 qui
565 3360 620 3428 legi
638 3360 764 3414 llosaicae
786 3372 843 3412 non
864 3359 1044 3424 obedierunt,
1063 3365 1124 3414 tum
1136 3375 1169 3415 ex
1185 3355 1260 3426 rigore

214 3440 416 3508 luturijudicii.
1197 3424 1201 3437 '

248 3525 322 3576 Deus
336 3523 453 3575 enimin
470 3535 528 3575 suae
539 3524 608 3592 legis
625 3525 774 3579 violatores
793 3521 865 3592 ignis
883 3527 925 3579 est
940 3521 1171 3592 flagrantissimus
1182 3522 1259 3593 quiin

215 3593 359 3659 momento
374 3604 445 3672 urit,
458 3609 582 3673 torquet,
596 3605 743 3662 consumit.
