2670 4542
318 239 488 326 selenen
505 275 730 332 expostulo.
750 278 831 336 ele.
850 279 889 332 n.
1100 281 1134 330 6¹1
1209 345 1212 354 ,

112 366 136 419 t.
148 365 179 418 in
192 376 251 432 qno
266 365 374 432 positus
385 379 448 420 sum
462 381 514 436 ego
568 369 606 420 nt
615 370 685 432 quon
696 371 870 422 emimentem
881 367 1061 434 paulinanium
1071 405 1079 432 ,
1091 384 1136 432 ego

82 442 515 516 pmdiostoretaposstolus(ve.
537 439 770 490 eeustltutussum
791 438 939 501 prestiosior
959 439 985 488 et
1003 437 1136 500 Apostolus

81 518 182 573 ritatem
194 521 279 584 (1100,
293 535 352 576 110„
362 522 513 593 menum),
539 503 547 566 i
561 505 659 556 sineere
678 505 766 568 loquor
781 510 807 555 et
819 519 850 555 ex
866 507 1021 556 conscientie
1033 505 1060 569 l,
1075 509 1135 567 quin

80 595 457 726 §praeemineo
471 613 516 654 e
537 571 1135 693 tenuetiieuieelniuli

108 751 134 802 8.
144 751 215 804 volo
233 763 301 818 engo
309 753 384 806 vinos
393 767 475 807 orare
485 753 514 806 iu
568 752 629 804 Volo
651 755 728 816 igliur
741 757 766 803 et
782 758 841 816 opto
856 759 885 804 nt
900 757 928 804 ln
945 758 1034 817 quavis
1047 755 1135 805 uesie-
1232 771 1237 782 ·
1275 752 1280 762 '

102 913 149 964 sed
158 916 237 964 num
246 914 398 978 beneplaciti
411 915 528 968 voluutas
538 955 545 979 ‚
557 921 620 970 etin
635 919 701 979 iieo;
714 919 764 982 que
775 917 872 970 seilicet
881 918 948 968 Deus
958 893 1027 977 vere,
1038 918 1136 968 sineere

78 987 99 1032 et
102 985 172 1100 &rio
187 983 245 1033 vult
255 988 281 1033 et
295 985 367 1047 eupit
384 987 500 1035 omnium
511 984 645 1037 bominum
658 985 843 1048 sulutem31mb
857 991 883 1038 et
898 999 928 1038 ex
940 990 1011 1051 purte
1025 985 1071 1036 sui
1083 987 1136 1035 eill-

78 1062 102 1099 es
125 1055 172 1101 ier.

102 1118 172 1180 Quod
187 1133 241 1170 non
259 1122 292 1172 sit
309 1123 375 1183 signi
388 1122 488 1172 tunibm
501 1161 508 1184 ,
520 1128 589 1188 petet
600 1137 630 1174 ex
641 1137 670 1177 eo
683 1124 750 1188 quod
762 1128 783 1176 sl
799 1125 950 1188 signiticaret
959 1124 1058 1176 unium
1069 1124 1135 1172 lieus

77 1201 100 1239 se
112 1189 178 1240 velle
190 1192 310 1242 emulum
320 1191 457 1244 hominum
470 1193 592 1255 alutem,
603 1208 680 1257 quom
702 1200 789 1246 temen
802 1196 889 1246 reveri
903 1207 955 1245 non
974 1195 1030 1244 vult
1043 1197 1070 1243 lu
1087 1205 1114 1242 se
1125 1230 1132 1250 ‚

77 1258 189 1309 sinente
200 1263 227 1309 et
235 1258 321 1309 dolose
332 1263 417 1322 egeret
433 1260 499 1312 Deus
510 1263 593 1324 equod
613 1259 722 1325 lmplum
735 1265 853 1324 cogitare.

102 1327 216 1390 Estergo
230 1327 350 1378 voluntas
363 1328 529 1392 beneplaciti,
548 1341 600 1380 nou
613 1330 728 1380 obsolute
745 1349 752 1379 ι
769 1331 832 1381 aliis
852 1342 940 1380 omnes
956 1331 1132 1380 salvarentur:

103 1397 151 1449 Sed
166 1411 198 1450 ex
214 1397 350 1461 bppotbesi
368 1398 436 1461 quod
449 1400 498 1462 ipsi
512 1397 609 1460 velint,
620 1412 667 1462 ope
679 1402 975 1462 praeeminemus
987 1401 1018 1448 ab
1031 1401 1135 1462 ipsisne

78 1466 180 1518 nlntenn
190 1469 367 1529 requiruntur.

104 1536 160 1587 ileu
177 1537 298 1588 voluntas
311 1537 356 1588 bei
370 1536 465 1588 dieitur
484 1537 570 1588 obiens
591 1551 621 1590 ex
641 1542 712 1602 perte
727 1537 770 1586 liei
782 1557 790 1598 ;
803 1540 865 1600 quie
881 1537 948 1587 Deus
965 1551 1010 1601 per
1023 1549 1097 1598 enm,
1110 1543 1136 1586 et

78 1604 202 1655 Christum
216 1605 286 1655 dedit
296 1605 450 1656 salvotorem
461 1644 468 1666 ‚
480 1611 506 1657 ei
520 1607 605 1658 medie
620 1607 652 1657 ed
666 1607 773 1658 sulutem
786 1609 927 1657 neeesserle
940 1607 1089 1670 suppeditat.

103 1673 154 1722 lion
166 1677 305 1723 esttamen
324 1672 434 1724 totaliter
445 1673 532 1724 ellicus
546 1679 572 1724 et
585 1675 708 1740 complete
715 1695 723 1736 ;
739 1674 783 1724 sed
796 1673 947 1738 incompleta
960 1680 1007 1735 ,et
1024 1689 1053 1725 en
1064 1679 1135 1738 perte

79 1741 117 1790 liei
133 1742 235 1792 tantum
249 1742 345 1794 elboux.

106 1811 173 1861 Hane
197 1809 357 1862 voluntatem
381 1810 457 1862 divus
472 1810 666 1876 chrysostomus
692 1817 766 1864 voest
782 1815 909 1876 primum,
929 1815 954 1862 et
977 1816 1033 1875 posi
1051 1813 1135 1874 ipsum
1197 1809 1203 1820 '

81 1879 277 1943 theophylactus
288 1882 325 1930 ait
337 1900 344 1930 ι
358 1880 443 1932 Primo
453 1881 571 1943 polentes
581 1883 625 1934 bel
641 1887 679 1933 est
695 1883 762 1945 quod
772 1895 849 1933 nemo
859 1885 955 1944 pereat.
965 1881 1079 1930 Seeutub
1091 1895 1135 1928 vo·

82 1948 159 2000 intutas
170 1954 226 2010 est,
241 1952 270 2000 ut
291 1950 363 2011 impii
376 1952 480 2012 pereunt
496 1967 504 2000 ι
522 1951 550 2000 in
563 1953 636 2012 epist.
648 1951 681 2001 ed
693 1951 785 2014 Ephes.
799 1964 823 2000 e.
837 1954 860 2010 i,
871 1963 898 2000 n.
912 1952 936 1998 6.

107 2019 133 2067 li.
145 2019 332 2078 bemaseenus,
348 2020 441 2080 etpost
460 2018 560 2079 ipsum,
577 2017 685 2080 theologi
700 2021 793 2068 voeent
807 2018 874 2068 hune
894 2015 1050 2066 voluntatem
1062 2019 1135 2063 eute-

81 2087 214 2137 cedentem.
228 2086 267 2138 lte
277 2088 355 2136 etiem
364 2084 565 2148 Tbeopbyleetus
579 2086 681 2136 ibidem.

106 2155 167 2216 Quia
179 2153 308 2205 antecedit
316 2166 419 2205 omnem
439 2155 617 2216 provisionem
629 2155 755 2204 bonerum
772 2157 818 2204 aut
828 2151 954 2202 rumorum
967 2163 1071 2213 operum
1087 2151 1135 2200 bo·

80 2227 159 2276 minis.

107 2293 192 2342 Posset
204 2293 256 2342 diei
276 2291 401 2342 nuturnlis
417 2291 535 2343 voluntas
549 2293 594 2342 liet
606 2327 613 2352 ‚
623 2293 681 2353 qula
704 2294 791 2340 munet
806 2303 837 2340 ex
848 2290 898 2340 beo
911 2289 1014 2339 tunitius
1024 2326 1031 2347 ‚
1043 2290 1087 2348 qui
1104 2289 1135 2336 de

82 2376 123 2412 suo
138 2363 231 2412 bonus.

109 2438 226 2488 sinesin
236 2447 392 2488 opinationi.
402 2461 434 2475 -
445 2437 478 2488 At
489 2474 496 2500 ,
508 2439 626 2499 inquies:
641 2437 666 2486 Sl
679 2437 764 2486 revere
777 2437 843 2484 Deus
855 2433 910 2483 oeli
930 2445 1012 2482 omnes
1025 2433 1134 2481 homines

82 2507 163 2556 selum
174 2505 249 2568 lieri,
262 2504 295 2554 ed
309 2505 370 2566 quid
384 2504 458 2556 fflum
471 2507 560 2556 oraret

107 2575 181 2638 liesp.
193 2579 222 2624 ut
236 2587 310 2637 opere
322 2575 445 2638 complent
458 2575 524 2638 quod
536 2574 605 2634 vult,
619 2577 648 2624 ui
658 2571 762 2623 rebelles
773 2574 850 2622 aiem
859 2569 991 2633 compellet
1002 2570 1134 2618 bominum

79 2645 219 2695 uoluntates
231 2681 239 2705 ,
251 2656 388 2706 eurumque
400 2644 519 2693 duritiem
531 2645 626 2692 vineat.

105 2715 215 2766 instabis
232 2731 239 2763 ε
257 2713 341 2764 Setinis
356 2714 484 2764 videretur
500 2714 617 2764 homines
634 2714 742 2761 essitare
758 2710 790 2759 ed
800 2708 950 2767 volendum,
964 2707 1040 2767 quim
1055 2706 1135 2754 ileum

79 2796 186 2834 exorare.

105 2853 180 2916 ilesp.
197 2853 336 2916 utromque
354 2849 515 2911 leniendum
528 2853 587 2911 quin
601 2848 669 2897 salus
681 2848 696 2896 i
706 2847 757 2896 lieu
769 2849 795 2895 ei
809 2846 841 2894 nb
857 2845 970 2893 homine.
989 2840 1050 2891 Vite
1068 2843 1134 2892 dieto

84 2920 187 2970 edelll
208 2955 216 2971 .
231 2933 253 2970 e.
268 2921 385 2978 2,n.1s.

83 2973 85 2978 ’
108 2933 209 3049 Abeop,
219 2989 326 3049 inquom
338 3005 345 3038 ι
358 2986 420 3037 bine
439 2987 549 3036 orentius
563 2988 591 3035 ui
607 2986 649 3035 det
664 2985 690 3034 in
703 2986 758 3034 sine
778 2995 829 3045 quo
841 2981 912 3032 nulle
927 2981 1012 3042 selus,
1027 2982 1134 3044 gretiam

79 3059 179 3110 scilieet.

107 3128 142 3178 Ab
154 3129 262 3178 bomine
274 3127 360 3175 eutem
372 3141 379 3174 ε
396 3123 457 3175 hino
469 3123 615 3174 excitandus
628 3159 635 3183 ,
648 3125 677 3171 nt
689 3121 820 3173 humiliter
827 3115 856 3170 'et
867 3119 954 3171 seduli
973 3119 1065 3170 divine
1076 3131 1134 3181 prn-

80 3199 131 3306 effu
131 3199 391 3306 teoopoeretgt1u3rseno,c
392 3194 471 3303 {¹312
471 3195 516 3303 ὥίῑ
532 3191 677 3254 Apostolus.
690 3194 719 3239 ut
737 3201 797 3240 oum
813 3191 884 3239 metii
897 3193 922 3238 et
933 3193 1041 3239 tremere
1061 3200 1134 3238 susm

81 3271 90 3303 s
143 3270 185 3306 em
242 3290 245 3295 -
332 3273 339 3303 ε
499 3287 506 3300 .

107 3324 155 3386 Qui
167 3269 245 3374 eniffi
253 3321 312 3371 leelt
324 3331 371 3370 nes
388 3323 443 3370 sine
455 3320 542 3378 nobis,
554 3331 606 3370 nen
622 3317 728 3370 selueblt
738 3330 784 3368 nos
795 3319 850 3368 sine
862 3317 943 3366 nobis.
957 3316 986 3366 D.
998 3315 1101 3374 August.
1130 3318 1138 3334 ·

107 3403 130 3447 7.
141 3401 171 3449 lo
189 3411 241 3460 quo
260 3396 356 3458 positus
366 3407 453 3444 sem...

107 3466 143 3516 bd
159 3464 229 3528 qued
240 3465 415 3513 testimouium
429 3462 460 3511 de
469 3461 562 3512 christi
574 3460 695 3512 oberiteie
704 3463 730 3509 et
742 3459 773 3508 de
783 3458 827 3510 liei
844 3457 971 3507 voluntate
982 3456 1027 3502 toti
1039 3453 1134 3504 mundo

80 3533 329 3594 poenitentemne
346 3534 498 3584 constitutus
508 3543 566 3580 sum
576 3529 709 3593 Apostolos
727 3533 750 3580 ei
757 3527 919 3590 prociieotor.

112 3603 244 3653 immeo
259 3601 332 3658 dieo,
342 3607 364 3650 et
373 3613 424 3652 eoo
436 3601 552 3650 memior.

107 3670 157 3722 lloe
174 3669 249 3722 anun
259 3668 293 3720 ed
303 3667 484 3719 obstruendum
500 3679 528 3737 oe
540 3678 629 3716 eorum
638 3667 682 3729 uui
693 3665 747 3726 elus
760 3659 925 3726 npesiulutum
940 3655 1071 3720 negabant.

108 3739 211 3792 Sincere
221 3740 312 3800 loquor
325 3742 351 3788 et
368 3750 398 3786 ex
412 3736 575 3797 conscientie,
592 3737 652 3798 quie
672 3735 757 3784 doewr
769 3744 827 3782 sum
846 3733 870 3778 et
887 3739 983 3791 preco,
995 3727 1134 3778 destinatus

82 3809 205 3873 precipue
219 3805 347 3860 Gentibus
356 3807 383 3856 io
395 3807 445 3869 lide
455 3811 477 3855 ei
490 3805 593 3856 ueritate
604 3803 726 3854 epomis.

108 3875 139 3930 lit
149 3883 178 3928 ut
188 3877 265 3938 tells,
280 3874 352 3935 solo,
363 3886 469 3936 pssunt,
483 3877 513 3922 ut
525 3876 597 3923 orent
607 3873 655 3922 vini
668 3907 676 3932 ,
687 3875 736 3920 ete.

113 3955 136 4000 8.
145 3952 206 4002 Volo
218 3963 280 4014 erpo
297 3950 367 3998 eires
377 3961 450 3999 orere
466 3949 496 3997 io
507 3945 646 3996 omeliaco.
