2648 4558
200 265 254 318 tao
594 264 716 318 INDEX
733 262 866 318 RERUM

229 353 324 404 Nostra
336 355 423 403 444444
441 355 512 404 44444
530 355 665 416 peccatrici
684 355 719 402 si·
773 351 912 402 Christiani
926 349 992 402 4444.
1006 366 1024 402 4.
1037 352 1068 413 4,
1083 356 1107 402 6.

200 413 315 464 milhma.
330 426 348 464 r.
361 417 400 464 98.
772 412 866 472 Duplex
876 413 953 467 homo
971 415 998 462 iu
1010 413 1170 474 christiano,
1179 417 1247 464 terre·

230 475 296 524 lieus
318 487 362 536 per
382 487 485 524 earnem
499 474 588 524 4114144
611 488 657 523 suo
677 487 718 523 as·
742 485 791 522 nus
802 478 826 521 et
837 473 951 522 eoelestis.
964 486 993 522 11.
1004 477 1059 525 458.

200 541 328 598 sumptam
348 540 373 584 et
393 538 466 596 quasi
519 538 668 595 4444444444,
692 537 719 583 44
771 533 905 594 Utriusque
918 535 1040 586 membra.
1053 535 1115 585 ibid.

140 611 147 622 ·
200 609 276 646 44444
292 609 460 658 suspensam,
494 599 608 647 amnavit
628 609 719 659 pecca·
771 593 803 643 tu
824 597 894 644 vivat
915 595 1038 670 eoelestis,
1058 610 1158 646 necesse
1174 603 1209 648 est
1225 605 1251 648 ut

199 661 403 790 tuffifrggiiesssei
423 717 576 768 eonsilium!
594 731 624 766 er
644 730 719 790 earne
742 657 1048 790 pellerffrtctgrriffiliiseaffogis
1067 721 1208 770 nenessitas.
1220 721 1251 774 44.

200 779 563 840 peceatrieeorrebaturcarnis
574 779 718 838 infirmitas,
742 776 802 826 Vide
814 779 982 839 Mortafioutao.

201 853 230 888 ex
244 845 334 914 saneta·
342 839 435 890 Christi
450 851 527 892 earne
539 841 620 889 virtus
633 837 665 888 44
678 851 718 888 44-
769 838 906 887 (1444444444
928 842 978 888 tres
1000 843 1179 903 praerogatira.
1200 841 1254 902 449,

200 901 288 952 luwm'
301 901 362 994 Μ’
742 899 908 1010 ⁴⁶⁴t't'uusuau
919 966 1018 1012 terrena
1035 961 1112 1012 debet
1129 975 1255 1026 spernere,

355 1030 415 1081 coit
430 1029 559 1080 ClllllS'll.
741 1025 837 1084 qnare?
852 1023 907 1072 455.

772 1081 887 1131 Coelestia
901 1083 1010 1144 diligere.
1026 1083 1088 1132 ibid.
1103 1087 1194 1134 44464.

231 1146 257 1195 S.
275 1144 368 1195 Paulus
389 1157 435 1194 nos
454 1156 500 1193 suo
514 1143 627 1206 exemplo
647 1143 720 1192 docet
772 1143 908 1194 Clulstiaui
923 1146 976 1193 vita
995 1145 1135 1207 spiritualis
1157 1145 1257 1209 duplex,

201 1219 332 1256 recursum
344 1205 376 1254 ad
389 1219 432 1254 eor
445 1205 537 1254 Christi
548 1209 593 1262 ,ut
604 1217 633 1254 eo
646 1203 719 1265 digne
741 1207 826 1264 gratiae
841 1209 866 1252 et
883 1203 975 1265 glorim.

98 1285 100 1290 ·
201 1268 280 1317 benur
305 1271 330 1316 et
353 1269 497 1329 proximum
523 1266 664 1328 diligamus.
689 1277 718 1320 11.
771 1265 881 1325 Utraque
900 1278 970 1314 nunu
989 1266 1093 1326 quidem
1118 1269 1259 1318 absconditu

202 1331 260 1388 369,
275 1333 329 1379 379.
743 1339 802 1374 oum
813 1326 965 1387 Christo,et
975 1328 1109 1388 apparebit
1119 1329 1258 1391 aliquando.

232 1389 260 1438 lu
278 1389 396 1438 omnibus
419 1387 547 1450 religionis
565 1388 663 1438 astibus
680 1400 720 1436 ro·
744 1389 804 1447 455,
816 1389 871 1436 464.

201 1451 355 1499 auertendum
375 1449 407 1498 ad
430 1462 473 1498 eor
493 1449 602 1510 Christi,
621 1461 719 1510 eoque,
772 1449 907 1509 Utriusque
918 1451 976 1498 444
986 1448 1150 1500 excellentias
1161 1463 1262 1515 perpen-

201 1512 272 1574 quasi
285 1523 348 1571 suo,
362 1510 494 1560 utendum.
507 1510 568 1560 ibid.
743 1509 791 1568 de,
804 1514 832 1558 ut
847 1512 918 1559 vivas
931 1510 1077 1560 christiane.
1090 1511 1154 1561 ibid.

773 1570 878 1630 (444444,
896 1583 940 1620 seu
959 1571 1025 1620 bona
1048 1571 1262 1638 Christianisper

284 1640 405 1690 cflnisrl
420 1639 641 1692 RESURRECTlo,
743 1631 872 1682 Christum
884 1632 984 1682 collata.
997 1634 1059 1692 423,
1073 1635 1131 1684 429.

774 1691 832 1742 liae
850 1693 915 1742 bona
936 1693 984 1742 tibi
1006 1693 1099 1743 collata
1125 1699 1192 1746 serio
1209 1707 1263 1760 per·

231 1754 322 1803 Christi
337 1755 505 1813 resurreetio,
522 1757 613 1802 uostrae
635 1766 719 1803 resur·
744 1754 823 1816 pende
836 1760 861 1803 et
873 1759 958 1814 gratus
968 1767 1086 1814 agnosce.
1103 1757 1159 1806 430.

201 1817 319 1869 rectionis
341 1829 428 1864 44444.
772 1815 830 1864 ’1444
842 1815 978 1865 Christiani
994 1817 1115 1876 insignia.
1134 1821 1190 1868 424.

231 1875 295 1926 liine
307 1875 336 1926 b.
349 1876 442 1926 Paulus
455 1875 525 1924 illam
544 1877 632 1938 prohat
648 1879 719 1926 testi·
773 1876 931 1925 Christianus
942 1876 1043 1926 Christo
1055 1879 1127 1926 vivat
1139 1883 1165 1926 et
1177 1883 1265 1929 moria·

201 1940 293 1987 moniis
310 1937 510 2000 Prophetarum,
525 1938 718 2000 Apostolorum,
743 1943 793 1987 tur.
806 1939 861 1987 375.

200 1998 384 2060 Discipulor'um
396 2003 422 2046 et
437 2011 467 2047 ex
486 1998 618 2048 horrendis
629 1999 719 2048 absur-
773 1997 889 2048 Christus
902 2002 1003 2059 nostra,
1016 2003 1112 2050 utnon
1124 2001 1213 2063 uobis,
1224 2003 1264 2052 sed

200 2060 319 2110 ditatibus
333 2073 363 2110 ex
382 2059 450 2109 illius
468 2061 599 2120 negatione
612 2071 719 2122 sequen·
745 2059 780 2108 illi
791 2062 918 2108 vivamus.
929 2061 984 2109 374.

200 2121 277 2170 44444.
292 2135 310 2170 r.
325 2124 388 2181 437,
403 2123 457 2170 438.
771 2120 837 2170 44444
849 2125 934 2170 nostra
948 2123 981 2170 sit
994 2121 1092 2170 Christi
1106 2121 1219 2174 luorum.
1232 2126 1260 2179 ih

230 2181 345 2232 Christus
354 2185 382 2231 in
393 2195 439 2232 sua
446 2185 629 2232 resurreetione
639 2182 719 2232 iaetus
770 2181 803 2232 Ut
816 2184 869 2231 vita
884 2187 969 2230 444444
991 2184 1025 2232 444
1041 2182 1181 2245 Christus,
1194 2189 1261 2235 nula-

200 2248 237 2292 est
252 2245 368 2306 spiritus,
386 2245 439 2292 vita
449 2245 537 2291 vivens
548 2243 579 2292 ab
602 2244 719 2293 omuibus
743 2255 800 2291 mur
818 2243 855 2292 illi
869 2241 1008 2303 44444444,
1022 2247 1052 2293 44
1065 2246 1147 2310 oupitl
1161 2251 1188 2296 et
1200 2248 1263 2298 cordi

200 2304 349 2353 animalium
361 2303 506 2364 indigentiis
519 2303 718 2366 independente,
742 2309 837 2354 nostro.
851 2306 907 2354 375.

200 2370 224 2413 44
240 2365 307 2414 4444
324 2367 404 2414 vitam
421 2364 493 2413 nobis
513 2363 582 2414 dabit
593 2367 621 2413 in
636 2379 719 2416 resur·
771 2363 841 2414 ilaue
854 2367 951 2426 praxim
962 2363 1029 2414 ride.
1045 2365 1109 2416 ibid.

200 2425 320 2474 rectione.
333 2427 388 2474 456.
772 2426 910 2476 Christiani
919 2426 1154 2480 nobilitasrunum
1164 2435 1264 2481 estanar

230 2485 283 2534 Duo
294 2486 363 2535 modi
375 2484 439 2534 illud
448 2485 598 2546 explicandi.
611 2486 672 2536 ibid.
741 2487 850 2536 Christo.
866 2489 929 2547 216,
943 2491 999 2537 248.
1166 2507 1168 2514 ·

229 2547 261 2596 114
274 2547 341 2596 4444
359 2559 419 2596 oum
439 2545 538 2595 Christo
558 2547 719 2597 eousormtta·
772 2548 929 2598 Christianus
960 2549 1116 2600 charitatem
1148 2553 1264 2604 44444444

200 2613 251 2658 tem
261 2620 407 2718 eorlpoream
419 2606 558 2656 habeamus
567 2609 717 2670 aliquando,
741 2609 814 2660 debet
827 2609 966 2658 intendere.
978 2611 1034 2660 249.

200 2682 268 2719 4444
290 2671 359 2719 ilius
380 2669 518 2730 imaginem
540 2672 669 2731 portemus
691 2673 717 2720 in
772 2671 867 2733 Spiritu
879 2671 1018 2719 ambulare.
1035 2671 1100 2722 ibid.

98 2795 109 2806 Ι
200 2734 295 2780 anima.
309 2734 366 2781 460.
771 2733 1008 2794 conrupisoentiam
1024 2733 1190 2795 impugnare.
1206 2738 1262 2786 ibid.

221 2793 308 2874 ²liujus
329 2794 366 2842 rei
393 2793 530 2841 4444444444
550 2791 716 2842 adsalutem.
772 2793 887 2843 Charitas
915 2797 952 2843 est
981 2793 1041 2842 tinis
1064 2795 1261 2848 Christianismi.

199 2856 259 2913 Μ’
273 2855 327 2904 46¹⁶
361 2920 554 2972 cruentemur,
741 2856 988 2990 ”ghfflprseenuu
999 2919 1108 2966 sectatio
1125 2923 1164 2968 est
1175 2919 1262 2969 abusus

230 3032 601 3085 1444444144414444444444444.
613 3038 716 3086 444144.
741 2976 1070 3148 οὴὲἶὶῗῗῑῖιῖῗζ44ρῐ4ο4441
1088 3039 1263 3092 4444444444(

564 3135 566 3138 .
741 3112 781 3148 me
800 3102 851 3148 ium
864 3111 913 3160 quo
928 3099 1090 3150 Christianus
1108 3103 1144 3151 44
1158 3103 1263 3154 eharita-

351 3161 559 3214 ClllilSTthUS.
741 3166 807 3270 temh
816 3161 918 3234 ten-dere
929 3161 1010 3209 debet.
1020 3163 1084 3221 243,
1102 3165 1168 3222 244,
1183 3168 1246 3240 2444.Ι

229 3275 717 3343 Quisvererristlsnus,Quhmpauci!
740 3223 790 3345 4441
803 3223 1263 3346 uosblgnrlrlrsotrffiusseffs‘t,letrlteillcihrivtas

200 3341 493 3462 Ι’ἐ1ξέ4ἓὲἱ44444414444
511 3401 565 3450 4144
581 3401 717 3453 Christiani
742 3345 1082 3467 mlisaligssf'uistshpostolorum
1093 3409 1198 3458 vivendi
1210 3423 1263 3458 444

198 3461 311 3510 moribus
324 3461 431 3510 inutilis.
448 3464 487 3510 28.
741 3467 801 3526 dus;
811 3466 868 3516 talis
879 3469 904 3514 et
917 3471 1001 3514 noster
1013 3477 1068 3515 esse
1079 3467 1165 3520 debet.
1179 3473 1217 3520 43.

229 3522 281 3572 lmd
303 3525 407 3584 majoris
433 3522 603 3573 damnationis
633 3537 717 3575 eausa.
771 3527 907 3577 Christiani
921 3527 1196 3588 quantagloriattii.

138 3633 140 3640 ,
197 3583 259 3632 4444.
771 3587 842 3638 444144
869 3587 1006 3636 Christiani
1031 3601 1085 3638 nou
1115 3592 1262 3642 Christiani.

230 3645 258 3692 ln
274 3643 466 3694 christianismo
479 3645 606 3694 cavendus
623 3650 661 3696 est
672 3648 718 3697 Ju-
741 3653 795 3699 239.

199 3705 321 3753 daismus.
333 3705 395 3754 ibid.
703 3749 708 3756 .
770 3711 906 3768 Christiani
917 3709 1048 3772 spirituale
1059 3724 1150 3762 semen
1160 3714 1264 3764 Abrabn

229 3764 294 3813 Deus
312 3767 401 3826 spiritu
421 3769 446 3814 et
462 3768 567 3816 veritate
589 3767 717 3820 colendus.
740 3771 772 3821 ad
795 3784 858 3832 quos
884 3773 992 3834 pertinet
1013 3771 1151 3824 hareditas
1173 3779 1264 3826 aeterua

200 3824 260 3872 ibid.
273 3823 333 3872 Vide
348 3826 434 3874 Cultus
448 3829 503 3876 Dei.
740 3833 792 3881 Del.
807 3834 861 3882 234.

231 3883 404 3954 Christianus,
419 3887 499 3946 quidi’
512 3901 550 3936 ur.
572 3891 625 3939 195.
770 3893 867 3952 Quanta
886 3893 963 3954 gloria
975 3931 981 3952 ‚
992 3898 1140 3956 quantaque
1160 3897 1265 3948 felicitas

232 3939 369 3992 (44ιί44444(
381 3945 507 3996 nobilitas.
524 3961 542 3996 4.
555 3951 577 3998 5.
739 3952 782 4004 444
793 3953 857 4004 tilius
868 3959 893 4004 et
906 3955 1017 4005 haeredes
1033 3960 1104 4006 esse!
1122 3957 1188 4010 ibid.
