2612 4542
325 298 492 350 TRlPLEX
510 301 733 356 expostulo.
753 304 834 357 ChP.
854 307 875 358 i.
1075 309 1127 360 tea

67 386 152 442 servio
179 388 196 442 l
227 385 456 457 progenitoribus
478 395 507 447 in
531 395 638 445 scientio
656 395 724 456 eolo,
738 397 857 460 religione
878 399 942 450 mihi
959 398 1128 460 amatoribus

66 463 230 517 conscientia
245 455 334 533 puro',
358 470 435 534 quod
447 470 508 522 stne
530 467 594 514 meis
612 465 756 524 transfuso,
772 468 838 528 qnod
859 469 986 518 assiduam
1003 471 1078 518 noete
1097 479 1127 518 ne

67 542 269 598 intermissione
308 545 426 600 habeam
467 549 507 602 my
530 531 571 581 die
587 532 626 582 tui
645 535 795 584 memoriam
814 535 894 587 haheo
908 539 935 588 ln
953 537 1018 586 meis
1033 537 1127 588 oratio-

66 621 223 674 memoriam
261 622 294 674 in
333 625 507 680 orationibus
529 601 615 652 num·

66 697 139 764 meis,
152 704 238 752 noete
251 700 354 754 nodie.
440 701 443 706 '

95 784 315 838 t.1tesiderans
337 792 365 840 te
393 788 503 855 ridere,
560 796 656 859 nxopio
675 794 817 856 tesidere,
840 800 913 846 ulex
931 794 970 845 tut
992 801 1126 860 conspeetu

66 863 365 930 memor-lacrymarum
377 870 503 932 tuarum,
528 862 1126 927 impteergnuotomemorlacrymeromqnuus

67 945 92 992 ut
99 941 197 1006 gaudyo
210 941 351 1010 implear,
467 941 472 948 “
527 943 569 982 me
580 931 716 982 abeuntem
727 937 874 994 prosecutus
885 945 921 984 ns.

92 1135 205 1187 simulet
223 1142 412 1189 commemorat
431 1139 499 1190 bona
519 1150 576 1202 qum
594 1139 623 1189 iu
644 1137 775 1190 Timotheo
793 1145 870 1198 eunt.
887 1147 912 1192 et
925 1155 951 1192 se
970 1143 1077 1194 Paulum
1092 1145 1124 1194 et

66 1203 397 1258 telemioettantatleetum.
771 1229 774 1236 ·

91 1272 203 1336 initium,
215 1275 359 1340 lacrymo,
371 1289 417 1326 seu
432 1277 539 1328 oilerius
553 1275 808 1340 'l'lmothel‚e1nsque
820 1279 919 1328 sionem
928 1278 999 1330 fides.

93 1358 188 1408 uarios
201 1373 265 1422 ayo.
280 1360 326 1410 Gr.
338 1360 419 1410 beben
430 1360 489 1410 lieo.

94 1443 137 1496 Cui
155 1447 258 1505 servio,
274 1443 398 1508 λατρεύω,
412 1460 488 1509 qoem
505 1445 577 1507 eolo,
593 1445 664 1497 uultu
680 1445 777 1508 latrlae;
792 1459 867 1510 quern
880 1447 966 1498 adoro.

94 1525 111 1572 Δ
123 1526 331 1588 yroyeoitoribue'
343 1529 420 1588 mete,
432 1528 458 1578 td
472 1529 527 1589 est,
539 1529 606 1578 siout
616 1530 667 1577 mei
679 1529 803 1590 majores,
814 1528 950 1593 Abraham,
962 1529 1125 1592 tennemonn

68 1595 88 1640 et
100 1593 235 1655 Beniamin.

92 1663 185 1715 ludens
198 1671 258 1718 eret
272 1672 299 1719 et
313 1667 462 1729 hentomlte.

94 1733 179 1786 Sensus
192 1749 252 1800 ergo
270 1745 310 1788 est
324 1757 331 1788 ε
344 1739 423 1788 Deum
436 1739 491 1789 colo
502 1738 623 1804 religione
635 1739 699 1789 mihi
711 1739 725 1789 i
735 1741 882 1802 benjamine
893 1743 918 1789 et
934 1743 1030 1792 caeteris
1040 1743 1122 1803 meto-

69 1801 126 1852 ribus
136 1809 197 1856 meis
210 1811 359 1869 sanctisque
370 1809 519 1871 patriarchis
530 1808 671 1868 transfusi,
684 1812 709 1858 et
723 1809 787 1858 rnlbl
802 1812 874 1872 quasi
895 1809 1060 1861 hereditarii.

94 1871 154 1922 litem
168 1878 265 1939 quippe
281 1877 431 1928 ludaeorum
443 1882 469 1928 et
487 1877 688 1928 Christianorum
704 1877 776 1927 Deus.

94 1945 119 1994 lo
133 1961 201 2010 puro
213 1952 381 2008 conscientie,
393 1951 420 2000 in
432 1947 470 2001 e'st
482 1987 490 2010 ,

95 2013 119 2063 ln
131 2021 287 2070 conscientia
307 2023 404 2071 sineere
421 2026 447 2071 et
459 2033 511 2070 non
526 2021 586 2070 tiela
596 2057 606 2080 ,
617 2023 672 2069 sine
685 2018 738 2069 ullo
751 2020 888 2081 hypocrisi.

95 2081 133 2132 l'el
148 2090 240 2150 etlam,
253 2103 317 2140 curn
332 2093 486 2140 conscientia
499 2090 596 2138 munito
612 2097 637 2139 et
656 2092 818 2151 peecatorum
832 2087 974 2137 tsordlbus
983 2087 1077 2139 altena«

95 2147 146 2202 huit
157 2160 226 2206 eninr
238 2159 348 2218 justitie
361 2157 446 2220 legalis
461 2157 645 2208 zelantissimus
656 2193 663 2217 ,
676 2160 701 2206 et
717 2156 784 2206 secti
799 2155 948 2210 Pharisaeus.

94 2218 122 2268 Et
137 2221 193 2274 licet
206 2226 340 2277 Christum
353 2231 378 2276 et
389 2228 526 2278 Ecclesiam
544 2231 576 2277 sit
591 2232 737 2290 persecutus
749 2262 756 2285 ,
770 2225 881 2287 trinoque
898 2227 1013 2276 omnium
1032 2239 1120 2290 pecco·

72 2288 142 2339 torum
159 2297 315 2356 septimum
331 2294 422 2345 dixerit
434 2297 462 2345 io
473 2297 555 2358 sopite
572 2294 683 2346 seeundo
694 2296 785 2356 prioris
799 2295 925 2357 epistole,
940 2296 963 2344 id
977 2297 1034 2345 t'eeit
1049 2300 1120 2358 igno-

71 2366 136 2473 fiahss’
147 2365 171 2410 o
185 2362 237 2414 zelo
254 2364 425 2414 insolitorum
443 2368 622 2427 paternarum,
642 2363 740 2419 Deouue
753 2366 846 2413 seorim
864 2363 969 2429 eredens
988 2371 1017 2414 ut
1033 2368 1070 2414 eit
1089 2367 1120 2414 ao

101 2439 163 2490 rrpp.
182 2435 206 2480 3.

99 2507 163 2565 Quid
177 2515 231 2565 sine
247 2517 440 2567 intermissione.
452 2516 497 2566 Gr.
515 2515 738 2577 interminamur
752 2518 802 2577 est,
816 2517 907 2578 gratias
923 2529 968 2580 ego
986 2515 1036 2566 lieo
1054 2515 1120 2579 quod

71 2577 184 2631 esionam
197 2583 241 2634 die
254 2589 282 2635 et
296 2590 370 2635 nocte
383 2585 422 2634 sui
438 2587 587 2634 memoriam
602 2585 682 2633 hohen
698 2587 725 2633 in
738 2587 802 2634 meis
818 2587 981 2634 orationibus.

97 2642 164 2698 'lauti
179 2655 204 2701 te
219 2651 305 2711 ionio.
322 2653 422 2702 toothm
443 2657 468 2702 te
485 2651 560 2716 diligo
573 2689 580 2714 ,
599 2655 634 2701 ita
652 2658 678 2703 te
692 2655 783 2716 euplo,
797 2651 864 2713 qood
879 2652 920 2701 tui
938 2653 1058 2716 perpetuo
1071 2653 1119 2704 sior

71 2721 172 2777 memor,
183 2724 233 2771 ete.

97 2780 128 2830 Ile
138 2785 184 2838 hoo
201 2792 297 2843 attento
315 2794 406 2854 gratian
418 2792 469 2852 ogit
481 2827 488 2851 ,
498 2790 557 2852 quio
573 2788 703 2838 eharitatis
718 2791 771 2848 est,
783 2789 819 2837 att
829 2786 858 2838 u.
870 2787 978 2839 Thomas
990 2807 997 2838 ε
1011 2789 1120 2840 eberttos

73 2853 145 2902 sotem
156 2861 192 2907 est
208 2861 350 2924 principale
363 2861 468 2909 donum.

96 2918 176 2976 Omnis
188 2933 283 2994 quippe
294 2929 336 2982 hie
347 2931 453 2984 affectus
468 2930 569 2992 propter·
584 2928 659 2979 tidem
671 2931 725 2990 est,
739 2931 769 2978 ot
784 2939 814 2978 ex
825 2940 853 2980 n.
867 2927 891 2978 ti.
903 2929 980 2992 potet.

97 2986 153 3043 Noto
163 2999 229 3057 quon
243 3003 272 3050 in
282 3001 366 3050 Graeco
379 3001 413 3050 sit
425 2997 469 3059 ὡς,
481 3004 526 3062 ut,
538 3002 613 3052 siout.

97 3054 158 3110 Unde
173 3067 273 3120 trudoni
288 3072 389 3132 potest:

96 3123 159 3180 sient
168 3137 296 3189 assiduam
308 3137 388 3188 habeo
401 3136 440 3188 tui
454 3140 613 3191 memoriam.

88 3192 127 3272 ,ut
143 3199 177 3250 ito
193 3205 360 3258 traduxerunt
378 3206 560 3266 turonenses,
576 3219 669 3258 comme
689 3220 749 3258 eaor
767 3220 829 3258 ceree
847 3207 898 3271 j'oi
916 3207 1046 3266 memorre,
1072 3214 1117 3258 ete.

77 3263 153 3316 smilis
166 3271 308 3325 estloentto
324 3275 357 3323 ad
371 3274 559 3334 Philemonem,
573 3288 595 3324 e.
613 3279 621 3323 1
635 3312 642 3333 ‚
656 3288 683 3324 n.
697 3277 720 3322 i.
1079 3306 1082 3310 ι

98 3330 209 3400 tuumne
220 3355 310 3399 sensus
322 3349 369 3396 erit
382 3363 388 3392 ε
402 3347 494 3405 gratias
509 3355 554 3405 ago
574 3356 627 3399 oro.
636 3345 682 3396 tibi
701 3343 798 3396 collatis
815 3343 958 3402 benefieiis.
972 3345 1039 3396 eleut
1056 3345 1119 3394 assi·

75 3395 141 3452 duam
152 3409 189 3457 tui
200 3415 349 3462 memoriam
363 3415 452 3468 habeo.

100 3467 125 3522 1i·
141 3477 224 3532 lemen
238 3483 445 3546 chrysostomus,
456 3483 625 3534 Theodoretus
636 3521 643 3543 ,
656 3482 857 3545 theophylactus
869 3481 964 3532 hebent
975 3480 1049 3543 qood.

102 3562 281 3681 δὲὶῡεείαεναηε
300 3581 322 3624 te
331 3575 443 3624 utone...
455 3573 550 3636 Erepto
563 3578 589 3623 ts
603 3573 688 3623 videre
698 3611 705 3634 ,
717 3578 746 3623 nt
761 3587 792 3623 ex
810 3568 850 3623 tui
866 3576 999 3636 conspectu
1013 3571 1118 3636 implear

75 3635 114 3684 tiu
137 3645 160 3684 o.

100 3698 186 3756 'iiior
199 3708 371 3777 laerymarum
381 3712 473 3775 unibus
483 3723 524 3764 me
537 3712 673 3761 abeuntem
685 3713 833 3773 prosecutos
844 3722 885 3770 es,
900 3713 983 3774 eisque
994 3714 1086 3780 metas.

107 3765 166 3819 ffitri
182 3784 272 3843 potest,
290 3783 323 3830 ait
341 3784 372 3836 D.
385 3785 584 3846 chrysostomus,
600 3786 724 3840 nigratus
743 3777 876 3835 discipulae
887 3779 1029 3843 arnegisus
1043 3795 1118 3845 sepr-

78 3838 150 3901 fiili·
164 3844 258 3900 fleverit
272 3863 301 3900 ue
312 3850 464 3900 lamentatus
474 3849 521 3907 sit,
530 3850 597 3897 sient
607 3845 691 3896 inians
701 3845 835 3896 distraetus
850 3849 882 3898 eb
898 3849 1016 3902 uberibus
1028 3853 1120 3902 metris

77 3905 220 3966 illustretis
235 3919 355 3968 ohmooio
367 3919 510 3968 destitutus.

107 3971 203 4038 lilinea
214 3997 269 4050 ergo
283 3991 308 4037 et
320 3987 481 4038 adamantina
496 3997 546 4036 non
568 3987 640 4039 erent
656 3981 789 4047 opoetolieo
803 3984 886 4038 eorda
