2622 4552
310 300 480 358 rntsnnx
497 306 718 361 expostulo.
737 307 818 363 CAP.
836 308 904 360 xli.
1088 308 1138 360 sot

73 399 166 465 guinis
184 401 392 467 aspersionem,
416 400 516 456 melius
538 404 584 464 tier
596 401 629 453 acl
645 402 724 464 huius
740 401 867 464 pontilicis
891 404 1054 466 sangninem,
1067 403 1139 462 emus

74 477 237 544 loquentem
252 479 337 546 quam
350 479 426 534 Abel,
538 472 682 533 aspersione
706 469 856 520 sanctiticati
882 471 958 530 estis,
974 476 999 520 et
1023 471 1139 532 quinon

538 540 678 590 vindictam
699 539 825 602 postulat,
844 543 872 588 ut
889 543 991 602 sanguis
1011 538 1086 600 snei,
1097 540 1139 590 sed

538 605 737 656 misericordiam
753 607 878 667 impetrat.

104 673 151 724 25.
164 673 311 728 vinciens
325 675 461 728 recusetis
470 675 513 730 lo·
568 675 647 724 'l'antil
661 678 749 722 ettam
765 672 899 736 multiplici
912 673 990 734 gratlt
1003 675 1138 736 praeventi,

71 753 216 814 mntem,
537 739 619 789 ridete
632 751 664 789 ne
677 739 820 801 Christum,
832 740 974 800 Christique
984 740 1139 801 Sanguinem

537 807 600 856 adeo
621 805 757 857 clementer
772 819 818 870 pro
839 807 910 856 vobis
926 808 1082 870 loquentem,
1096 821 1139 856 os·

496 915 504 927 ,
537 879 679 940 pememini
690 914 697 938 ,
708 876 740 925 ab
749 878 803 937 ejas
813 876 862 926 ilde
872 876 1016 926 nescientes
1029 895 1035 925 ε

72 945 101 998 Si
113 944 191 999 enlm
212 947 251 1001 illi
266 962 323 1003 non
339 949 513 1016 effugerant,
568 945 687 1004 Etenim,
702 947 723 994 si
739 949 823 1007 patres
842 947 916 996 vestri
929 981 935 1006 ,
947 945 1024 1008 lioysi
1039 944 1138 994 homini

69 1026 235 1074 recusantes
262 1037 326 1077 eum
359 1025 409 1093 qui
431 1038 516 1091 supe,-
539 1013 645 1064 interra
661 1012 773 1074 loquenti
792 1025 843 1064 non
855 1013 1013 1073 obedientes,
1025 1013 1138 1064 divinam

70 1101 175 1149 pen-am
186 1097 353 1165 loquebatur
366 1119 374 1154 :
540 1081 661 1131 ultionem
671 1093 723 1130 non
735 1081 893 1143 effugerunt3

69 1173 159 1226 multo
169 1174 326 1242 magisnec,
336 1177 385 1244 qui
394 1177 429 1230 de
438 1177 516 1231 coeiis
567 1171 645 1222 liutto
660 1172 747 1222 mimis
761 1185 808 1222 nos
826 1172 963 1222 christiam
986 1173 1138 1237 supplicium

68 1250 233 1318 loquentem
252 1252 334 1306 1101)ss
354 1255 513 1310 avertimus,
538 1240 690 1300 vitabimus,
702 1242 724 1290 sl
739 1240 869 1290 Christum
885 1240 978 1292 Filium
991 1242 1060 1291 lieic
1075 1243 1137 1292 coeio

538 1311 610 1361 nobis
624 1309 769 1372 loquentem
782 1321 835 1359 non
845 1309 978 1360 audiamus
988 1345 996 1372 ,
1008 1311 1051 1362 sed
1064 1324 1137 1362 uver-

107 1451 154 1502 26.
172 1449 257 1516 CuJ'ue
277 1463 333 1502 vox
353 1451 443 1504 movit
460 1456 516 1502 ier·
538 1391 749 1507 seffiscmlm
761 1446 861 1498 lielvox
873 1451 967 1498 terram
979 1450 1067 1507 movit,
1077 1447 1137 1496 oum

71 1539 133 1579 ram
153 1531 239 1590 tunc,
258 1540 334 1579 nunc
353 1533 447 1580 autem
467 1540 510 1580 η.
538 1517 577 1568 ier
594 1520 621 1567 in
640 1522 726 1566 monte
739 1517 799 1566 Sina
815 1517 917 1568 daretur
927 1537 935 1578 ;
946 1524 973 1566 at
986 1519 1059 1578 cujus
1072 1531 1136 1576 ros,

70 1603 224 1670 promittit,
236 1603 333 1656 dicens
346 1619 354 1656 s
365 1603 463 1657 adhuc
473 1616 516 1658 se·
535 1587 607 1648 1⁰¹¹&
619 1585 699 1649 Augei
712 1585 881 1648 willihelm.
892 1598 980 1636 rursus
992 1584 1137 1646 aliquanao,

102 1798 210 1860 Sanguis
225 1797 318 1848 Christi
337 1809 383 1861 pro
402 1798 474 1848 nobis
493 1800 520 1848 ln
534 1810 610 1848 cruce
623 1796 695 1846 tusus
706 1797 744 1846 est
754 1816 762 1855 t
773 1795 879 1860 singulis
894 1800 980 1846 cutem
991 1797 1060 1855 quasi
1075 1796 1137 1858 utri-

72 1867 133 1918 dam
144 1867 289 1930 aspersione
302 1865 435 1930 perfidem
449 1872 475 1916 at
490 1869 648 1916 sacramenia
661 1865 811 1927 applicatur.

102 1937 148 1986 Est
159 1936 203 1986 hic
215 1935 305 1986 allusio
317 1936 350 1985 ad
365 1937 535 1998 aspersionem
548 1937 678 1996 sanguinis
695 1933 788 1984 iactam
799 1934 814 1983 l
825 1934 909 1995 liopse
922 1932 999 1982 llxod.
1018 1935 1058 1984 ti.

103 2017 193 2068 licitas
206 2016 344 2079 betonem
359 2016 436 2079 mam
451 2017 521 2067 Abel.
533 2015 577 2066 Gr.
590 2018 763 2079 prestantiora
778 2016 882 2077 loquens
897 2027 947 2078 pre
958 2015 1028 2064 tirel.

102 2087 131 2138 td
147 2088 198 2145 est,
210 2087 254 2148 qui
270 2084 375 2134 meliora
395 2082 523 2145 loquitur,
538 2083 615 2144 quim
630 2085 732 2144 sanguis
745 2083 822 2142 libel,
836 2085 878 2144 qui
896 2082 1033 2134 vindictam
1047 2089 1135 2145 postu-

70 2157 124 2215 lat;
144 2155 344 2216 sanguinantem
360 2151 453 2202 Christi
469 2151 668 2202 misericordium
680 2152 791 2213 loquitur
802 2152 879 2204 etium
891 2162 936 2214 pro
952 2152 1005 2212 suis
1017 2151 1135 2200 interiec-

68 2223 177 2278 toribus.

103 2323 144 2372 25.
162 2320 243 2370 Videte
258 2319 418 2370 nereensem
435 2319 580 2382 umentem.

101 2391 321 2452 Comparationem
337 2387 510 2438 exhortatione
523 2388 662 2439 concludit.

101 2460 183 2510 Tantt
191 2459 310 2523 preventi
324 2458 417 2520 gretia,
428 2459 508 2509 videte
517 2473 547 2508 ne
558 2458 701 2518 Christum,
713 2470 758 2520 per
771 2469 847 2507 sunm
859 2460 1007 2519 sanguinem
1019 2456 1133 2518 meliora,

70 2528 170 2580 scilicet
187 2529 361 2577 remissionem
376 2530 554 2589 peecatorum,
573 2528 710 2590 toquentem
723 2527 852 2586 recusetis,
865 2527 889 2575 id
905 2531 958 2588 ost,
972 2539 1004 2576 ne
1015 2537 1134 2589 asperne-

71 2598 154 2657 mini,
168 2608 201 2645 ne
219 2593 344 2659 repelletis
362 2595 441 2646 title
456 2594 610 2645 deficientes.

103 2678 269 2737 Sienimilia',
287 2677 313 2727 ld
329 2681 384 2740 est,
398 2681 482 2742 potres
492 2680 584 2736 vestrl,
598 2691 649 2726 con
658 2680 810 2740 emper-unt,
824 2678 921 2727 scillcet
933 2677 1046 2726 (lisinam
1060 2676 1134 2726 ultio-

70 2761 146 2810 nem,
159 2756 299 2799 recosontes
317 2762 392 2807 mm,
406 2747 434 2798 iti
451 2751 503 2808 est,
518 2746 643 2809 Angelum
657 2748 702 2808 qui
716 2759 792 2808 super
811 2753 904 2796 terrem
921 2747 947 2794 in
965 2750 1052 2794 monte
1073 2745 1133 2796 Sina

69 2822 132 2882 ipsis
148 2819 306 2882 loptwbotar.

102 2901 182 2953 liutto
191 2904 287 2966 moos,
301 2900 406 2965 supple,
419 2911 472 2950 non
485 2899 650 2962 effugiemus,
662 2912 712 2956 seu
719 2898 800 2949 multo
811 2899 899 2950 minus
910 2900 1058 2960 eiiugtemns
1071 2913 1133 2963 sup-

73 2971 187 3036 pliciam.

101 3055 167 3112 Nos,
179 3054 327 3112 christiani,
344 3052 533 3116 potentatum
552 3053 581 3102 de
597 3050 680 3108 ecies,
701 3051 745 3100 ubi
762 3053 865 3111 regnat,
888 3051 960 3100 nolis
983 3051 1131 3113 mulcentem,

71 3125 225 3180 avertimus,
239 3122 265 3172 id
283 3127 338 3182 est,
356 3121 517 3186 repellimus,
530 3123 584 3181 ejus
600 3119 743 3169 doctrinam
756 3124 782 3169 et
796 3119 915 3169 mandata
932 3125 1086 3183 respuentes.

100 3194 131 3243 ln
144 3192 230 3244 Grteco
241 3195 279 3242 est
289 3190 400 3241 tantum.
413 3191 463 3240 iios
478 3189 554 3240 titum
568 3191 597 3240 de
613 3189 681 3240 caelis
699 3190 834 3242 adserenti.

100 3261 216 3312 Christus
227 3259 300 3312 nobis
310 3259 342 3311 (le
351 3259 414 3310 eoelo
429 3258 540 3320 loquitur
553 3271 599 3321 per
617 3259 798 3320 evangelium,
816 3271 860 3322 per
871 3271 930 3309 sues
943 3259 1036 3319 legatos
1046 3265 1072 3309 ot
1084 3262 1134 3308 ml-

69 3333 180 3390 nistros,
195 3341 240 3394 per
255 3328 392 3390 miracula,
404 3340 448 3392 per
464 3329 577 3376 internas
595 3328 780 3388 inspirationes.

101 3429 142 3476 26.
161 3425 254 3488 eujus,
274 3425 300 3475 id
317 3427 368 3485 eat,
386 3423 479 3473 christi
494 3425 523 3470 ut
534 3420 592 3480 liei,
613 3434 662 3470 soc
678 3423 756 3471 movit
769 3428 880 3479 terrem,
895 3426 952 3472 tunc
964 3419 1060 3472 seilicet
1074 3420 1137 3473 cnm

70 3495 175 3548 dorent
194 3494 276 3545 lexin
296 3497 383 3544 monte
395 3492 466 3541 Sina.
934 3518 937 3524 .

101 3571 174 3619 Nunc
187 3574 285 3625 aarum,
301 3568 328 3617 iil
341 3570 397 3627 est,
413 3577 458 3628 pro
474 3569 587 3626 tempore
601 3566 660 3614 nori
671 3564 834 3614 Testamenti.

103 3643 270 3705 ltepronrittit.
282 3641 325 3692 Gr.
338 3641 513 3698 denuntiavit,
532 3636 558 3687 iti
574 3641 628 3698 est,
648 3638 764 3700 promisit
781 3648 826 3698 par
839 3634 956 3696 luceam
969 3633 1133 3698 proplietam,

70 3714 172 3770 dicens,
188 3711 277 3761 Adhuc
291 3710 378 3768 remei,
394 3715 417 3759 et
430 3722 480 3760 oon
496 3708 558 3758 Sina
579 3705 678 3756 iontem
693 3712 716 3756 et
731 3711 838 3762 mrem,
856 3705 899 3756 teil
914 3703 1004 3754 crelam
1022 3705 1133 3755 movebo.

9 3831 13 3838 ,
100 3782 130 3830 li.
147 3779 256 3840 Paulus,
267 3791 313 3842 pro
325 3791 371 3829 sno
382 3789 454 3828 more
469 3767 631 3840 Septuaginta
642 3775 766 3838 sequitur.

101 3851 177 3900 iaxta
194 3848 326 3898 liebraeam
342 3847 371 3897 u.
387 3847 556 3909 llieronymus
575 3847 668 3906 vertit,
692 3844 776 3896 odiam
791 3855 870 3890 onum
885 3841 1027 3898 modicam,
1042 3839 1067 3890 ni
1080 3846 1140 3908 ost,

70 3917 158 3968 adnm
168 3929 249 3966 onom
259 3919 373 3979 tempus,
384 3919 409 3964 et
420 3916 522 3976 quidem
534 3915 676 3970 modicum,
689 3918 712 3960 et
723 3910 895 3970 commovebo,
906 3915 951 3960 ete.

107 3986 245 4036 ltirersltas
259 3989 296 4034 est
310 3987 337 4033 ln
356 3982 510 4045 explicandis
524 3982 566 4034 iric
583 3983 778 4046 itggseivsrlrls..
