2622 4552
196 304 250 356 588
489 303 691 358 bersianu
710 303 759 352 nb
777 299 966 354 HEBRAEOS

223 397 258 444 Ne
270 396 367 457 quierit
379 396 444 445 inter
454 409 499 446 vas
511 397 789 458 scortator;nequissit
847 398 893 452 t6.
909 397 948 448 Ne
963 393 1026 460 quis
1039 389 1181 446 fornicator
1197 395 1233 443 aut

191 464 311 526 profanus
321 501 328 522 ‚
339 463 403 524 gnie
415 469 439 513 at
453 455 535 514 ventri
545 464 657 525 deditus,
670 468 698 515 ut
712 464 789 523 Esau,
813 471 961 538 profanus,
973 475 1004 522 ut
1016 473 1089 522 Esau
1102 485 1110 521 ι
1123 470 1168 534 qui
1180 482 1235 533 pra·
1296 509 1297 532 ,

191 537 235 593 qui
249 533 297 584 sibi
310 532 397 583 datum
411 533 426 582 a
438 533 487 582 Deo
497 535 700 612 primogenitura
711 533 791 612 hflono·
813 555 874 615 pter
904 563 989 601 uuam
1016 561 1109 602 escam
1131 545 1235 598 vendidit

193 612 248 651 rem
264 600 390 661 vendidit,
402 600 477 662 idque
488 613 533 664 pro
546 614 596 650 uno
610 599 654 649 vili
666 598 760 649 edulio.
814 625 952 693 primitiva
964 639 1024 676 sua,

222 700 322 749 Etenim
341 699 486 748 meminisse
506 697 600 746 debetis
623 695 691 757 quod
705 699 790 758 postea
848 697 1235 764 17,30110200nqmq00n13m
1296 719 1297 734 t

193 769 315 829 cupiens,
332 773 360 815 ut
377 767 574 828 primogenitus,
590 761 791 813 benedictionem
814 785 841 832 et
854 783 950 846 postea
962 777 1079 842 cupiens
1091 775 1236 827 haeoedqafe

192 838 206 883 ei
219 841 289 898 patra
299 839 356 897 jure
368 835 526 896 haereditario
537 834 671 891 consequi,
684 831 791 890 rejectus
813 855 1037 909 benedictionem
1091 852 1237 918 reprobatus

193 911 246 961 est,
265 917 312 954 nea
331 907 386 955 suis
401 904 521 965 lacrymis
535 902 646 970 obtinere
662 901 744 962 potuit
759 900 791 948 ab
815 939 857 986 est
870 951 876 963 ‚
889 945 946 984 non
959 931 1034 983 enim
1047 893 1151 982 {menn
1161 929 1237 994 Μὶ-

192 973 278 1033 Isana,
300 978 329 1021 ut
347 973 567 1032 benedictionem,
588 973 791 1034 primogenitura
870 972 876 984 '

194 1041 529 1095 Jaccbodatamrerocaret.
1026 1086 1032 1097 ·
1097 1085 1102 1096 ¹
1165 1084 1191 1094 Η

223 1107 296 1168 (Hoc
315 1109 396 1159 edocti
413 1107 541 1170 exemplo,
559 1106 641 1157 videte
660 1119 707 1167 ne,
726 1109 793 1155 sicut
814 1101 878 1139 ⁰⁰¹³
920 1087 1049 1152 lasssifflls
1095 1087 1237 1150 lssqfflfflffiei

193 1177 234 1226 iiia
244 1213 251 1236 ,
261 1181 303 1237 jus
314 1181 427 1228 vestrum
438 1177 470 1225 ad
484 1176 655 1226 haereditatem
666 1175 792 1224 calestem
815 1177 886 1216 eam·

192 1243 307 1292 vendatis
330 1256 376 1306 pra
396 1242 544 1306 pulmento,
561 1256 606 1306 pra
628 1242 792 1292 delectatione
890 1245 892 1249 “

194 1316 238 1361 aut
254 1312 363 1362 utilitate
372 1312 504 1378 temporali
515 1326 523 1360 t
534 1313 593 1373 sed,
608 1316 715 1361 econtra
726 1349 732 1370 ,
742 1315 792 1360 ter·

193 1384 261 1431 renis
273 1383 391 1438 amnibus
407 1385 511 1444 spretis,
526 1381 691 1440 omnimoda,
701 1384 730 1430 ut
741 1381 791 1430 dixi

193 1449 602 1512 n.it,sauetimoniaestudetc.‚)
642 1451 644 1457 ’
980 1493 984 1500 .
1179 1493 1182 1498 .

224 1519 278 1579 Qua
287 1521 397 1570 sanctior
412 1524 449 1569 est
460 1523 542 1568 vestra
556 1518 727 1582 professio,eo
736 1529 792 1580 per·
851 1519 896 1568 18.
921 1518 980 1568 Nou
1004 1515 1080 1566 enim
1103 1514 1239 1567 accessistis

225 1693 327 1754 itaque,
339 1695 360 1742 si
377 1697 429 1754 ¹qua
444 1694 477 1742 sit
490 1693 555 1741 luter
571 1704 615 1741 vos
630 1693 707 1741 radic
726 1692 924 1748 amaritudinis,
944 1689 1028 1739 uldete
1049 1695 1077 1738 ut
1098 1703 1150 1738 uun
1165 1690 1240 1750 germi-

197 1766 257 1821 net,
275 1760 318 1810 sed
332 1761 473 1820 recidatur,
485 1773 518 1810 ne
530 1759 600 1810 robis
611 1760 691 1810 obstet
702 1762 728 1808 et
740 1773 772 1809 ne
783 1758 879 1823 polluat
891 1759 961 1808 alios.

227 1849 265 1894 to.
281 1846 315 1895 Nc
327 1845 383 1906 quis
394 1843 546 1905 fornicator,
561 1842 587 1891 id
605 1845 655 1902 est,
669 1855 701 1892 ue
716 1845 773 1904 quis
787 1845 819 1892 sit
834 1842 900 1904 apud
915 1855 960 1890 ros
975 1845 1107 1893 scortator.

195 1922 277 2036 tisis?
289 1918 430 1981 profanus,
443 1917 469 1967 id
483 1922 519 2004 est
530 1955 536 1978 ,
547 1931 579 1966 ue
590 1917 646 1978 quis
658 1917 691 1966 sit
702 1918 746 1978 qui
758 1929 828 1966 sacra
840 1915 946 1978 negligat
960 1918 984 1963 et
997 1917 1147 1980 conculcet,
1159 1927 1185 1970 ut
1193 1921 1242 1970 alim

227 2064 277 2120 Qni
287 2067 389 2127 propter
399 2077 477 2112 unam
490 2075 586 2120 escam,
599 2061 625 2110 id
637 2065 690 2122 est,
703 2063 746 2123 qui
757 2073 809 2110 uno
820 2061 906 2110 edulio
914 2059 1028 2109 vendidit
1039 2062 1082 2120 jus
1093 2075 1146 2111 sua
1160 2068 1242 2126 prima·

196 2135 333 2192 genitura,
347 2132 413 2194 quod
429 2132 554 2193 singulare
572 2131 616 2180 Dei
632 2129 728 2179 donum
743 2130 914 2192 reputabatur.

225 2219 263 2264 tr.
291 2195 381 2264 scitata
397 2217 463 2265 enim
484 2217 605 2277 quoniam
631 2221 654 2265 at
676 2220 802 2278 aarum...
815 2215 858 2264 Gr.
876 2215 946 2263 saltis
961 2217 1039 2265 enim.
1055 2216 1108 2262 tm
1129 2217 1242 2278 aequaliter

194 2283 317 2346 significat
328 2321 334 2344 ‚
347 2287 417 2334 scitis
429 2288 454 2333 et
464 2287 562 2335 scitote.
574 2284 630 2346 Syr.
641 2287 710 2334 scitis
722 2286 799 2333 enim.
811 2283 873 2332 Vide
886 2283 975 2333 Genea.
988 2287 1027 2335 27.

225 2357 297 2415 Qadd
307 2363 393 2418 pastea
405 2359 506 2420 cupiens
521 2359 711 2408 benedictionem
725 2356 884 2407 haeredttario
893 2360 950 2418 jura
964 2361 1101 2420 consequi,

222 2431 379 2492 Reprobatus
393 2433 454 2480 asta
468 2434 539 2492 patra
555 2443 601 2480 suo
615 2431 734 2481 dicente:
751 2432 862 2482 benedici
875 2434 914 2490 ei,
930 2431 1021 2482 Jacobs
1035 2433 1153 2495 scilicet,
1174 2443 1195 2484 et
1207 2435 1243 2484 crit

196 2499 350 2557 benedictus,
365 2505 409 2549 etc.

226 2576 280 2624 Non
291 2574 356 2624 enim
369 2576 464 2624 invenit
477 2575 626 2636 paenitentia
638 2575 736 2634 lacum,
748 2575 844 2626 scilicet
854 2615 861 2638 ,
873 2577 940 2639 apud
953 2582 1048 2639 patrem
1060 2591 1139 2629 suum
1150 2617 1156 2640 ,
1166 2579 1191 2628 id
1203 2581 1243 2636 est,

191 2657 239 2694 nec
254 2645 372 2706 lacrymis
388 2645 440 2694 suis
454 2643 566 2693 obtinere
579 2647 661 2706 potuit
675 2649 704 2692 ut
717 2649 814 2706 patrem
826 2644 883 2694 facti
899 2648 1048 2707 poeniteret,
1061 2652 1088 2696 et
1100 2647 1244 2698 benedidic-

191 2728 251 2764 nem
263 2713 355 2764 Jacobo
369 2713 454 2763 datam
469 2717 613 2773 revocaret,
625 2712 684 2763 licit
695 2715 812 2774 ignorans
823 2717 847 2762 et
858 2713 975 2776 deceptus
986 2727 1043 2764 eam
1057 2715 1178 2767 dedisset.

224 2789 375 2850 Quanquam
387 2801 443 2837 curn
455 2787 574 2850 tuscanis
585 2789 727 2851 inquisisset
737 2801 802 2846 eam,
815 2787 911 2837 cilicet
916 2788 1122 2839 benedictionem
1131 2793 1244 2852 primore

192 2860 293 2908 niturae.
809 2899 818 2904 .

220 2929 289 2976 isaac
300 2925 365 2975 nihil
380 2927 515 2976 immutare
525 2925 604 2976 valuit
613 2963 620 2987 ‚
630 2928 689 2987 quia
701 2963 708 2987 ,
718 2929 744 2975 et
759 2925 896 2989 propbeta,
911 2929 982 2977 norit
995 2939 1051 2977 rem
1065 2929 1082 2977 d
1097 2928 1243 2991 baugariam

132 2991 136 3000 ’
191 3007 253 3044 essa.

221 3064 250 3111 n.
268 3061 370 3123 quidem
391 3062 583 3126 chrysostomus
601 3065 717 3126 intelligit
736 3066 928 3126 penitentiam,
951 3076 1045 3125 quam,
1063 3068 1168 3127 iuquit,
1188 3066 1243 3114 Esau

193 3143 244 3181 non
262 3132 376 3190 invenit,
392 3133 451 3192 quia
477 3145 529 3181 non
556 3134 683 3194 quomoda
705 3133 816 3194 oportuit
838 3133 969 3196 quesivit,
991 3133 1060 3194 quod
1083 3134 1194 3184 ostendit
1210 3136 1243 3181 in·

188 3201 255 3250 vidia
272 3219 278 3248 ι
293 3201 388 3250 venient
400 3200 452 3250 dies
466 3199 562 3260 iaatds,
575 3208 620 3252 etc.

219 3269 283 3320 Hinc
295 3268 362 3330 qnod
372 3269 405 3318 ad
415 3271 494 3318 animi
505 3272 651 3320 institutum
661 3270 737 3320 iacob
749 3269 880 3319 interfecit.

218 3340 322 3389 Inutiles
336 3351 393 3400 ergo
409 3337 511 3387 fuerunt
524 3339 591 3388 Esau
605 3338 738 3400 lacrymae,
751 3341 809 3399 quia
823 3351 874 3386 non
889 3338 1034 3400 decaecato
1051 3338 1151 3400 doluit,
1168 3339 1208 3389 sed
1219 3337 1243 3385 de

187 3412 280 3461 damno
288 3430 296 3471 ;
313 3421 365 3458 non
378 3421 409 3458 ex
423 3421 509 3458 amore
525 3408 569 3457 bei
586 3409 770 3470 procedebant,
786 3409 830 3459 sed
844 3421 874 3458 ex
887 3409 1023 3471 cupiditate
1034 3410 1097 3459 bani
1109 3407 1243 3472 temporalis

189 3481 256 3540 quod
272 3493 301 3529 ax
313 3477 489 3528 benedictione
504 3479 630 3539 sperabat.

219 3548 289 3608 Quid
301 3550 386 3596 autem
397 3559 427 3596 ex
436 3547 558 3596 charitate
571 3559 622 3594 uon
637 3551 734 3606 esseut,
747 3551 815 3610 patet
825 3561 855 3598 ex
872 3560 900 3596 eo
911 3547 978 3608 qudd
994 3547 1101 3598 tratrem
1112 3563 1187 3598 suum
1198 3545 1242 3596 ruit

187 3615 426 3733 (ἐρεοῐξὲξτῗῖΐιεὲιὶεηι
436 3615 488 3664 dias
503 3615 583 3664 tuctus
599 3616 680 3676 patris
695 3616 759 3673 mei,
779 3622 801 3664 et
815 3617 926 3668 occidam
944 3617 1023 3666 Jacob
1039 3617 1149 3678 fratrem
1161 3629 1241 3666 mersu.

221 3769 258 3812 18.
272 3765 326 3832 dion
339 3767 405 3813 enim
418 3767 582 3816 accessistis...
594 3767 729 3828 superioris
741 3765 920 3815 exhortationis
930 3764 974 3814 hic
985 3768 1050 3814 ratio
1063 3767 1191 3825 redditur,
1203 3767 1241 3812 est·

190 3843 240 3892 que
254 3833 339 3881 eadem
350 3847 406 3893 quae
425 3848 479 3896 cap.
492 3839 523 3894 2,·
536 3848 562 3884 n.
578 3837 605 3896 2,
620 3838 673 3895 jam
687 3833 745 3882 data
756 3839 809 3895 est,
826 3839 851 3884 et
867 3835 976 3894 sumitur
986 3846 1017 3892 er
1028 3834 1090 3896 legis
1102 3835 1241 3896 evangeliea

187 3903 331 3962 prestantia
346 3914 421 3964 supra
433 3903 574 3953 Maedicam.

222 3971 276 4020 Nan
289 3976 353 4022 enim
367 3978 515 4034 accessistis,
532 3980 596 4027 sicut
609 3981 690 4041 patres
701 3979 792 4033 rastri.

812 1010 907 1063 tentiae
939 1009 1055 1070 locum,
1095 1019 1237 1072 quanquam
1296 1013 1297 1032 ¹
