2622 4552
207 231 259 284 5th
501 229 706 282 EPISTOLAE
725 229 773 280 ΔΙ)
790 229 977 281 HEBRAEOS

206 328 276 374 catos
283 325 329 373 aut
339 321 545 383 sanctificandos,
555 325 689 373 sanctitate
697 326 722 372 ct
728 323 825 383 lustitia
836 321 1026 372 consummavit.
1036 318 1097 370 Vide
1107 332 1134 369 ιι.
1144 321 1178 378 it,
1185 317 1257 380 halas

208 393 307 454 capitis.
407 426 412 434 .

237 459 302 510 ilinc
316 471 348 509 ne
364 473 423 509 cum
435 459 559 509 haereticis
573 458 666 508 inieras
680 477 686 506 ι
702 458 765 518 Ergo
777 457 865 506 inutile
878 457 1031 508 sacriilcium
1042 459 1137 506 missae:
1151 455 1195 504 hoc
1206 492 1213 514 ,
1223 459 1258 504 in·

210 542 303 591 quarn.
316 540 348 577 nc
361 527 469 588 inieras,

236 598 300 660 Quia
311 597 425 647 Christus
443 609 487 659 per
501 600 633 646 cruentam
653 597 692 646 sal
706 597 816 657 corporis
831 593 1031 645 immolationem
1045 597 1080 643 ita
1091 594 1162 643 nobis
1176 606 1259 656 pccca-

206 672 290 718 torum
303 668 477 718 remissionem
489 671 514 716 et
527 666 570 715 liei
581 667 688 727 gratiam
701 667 807 722 meruit,
820 669 849 714 at
860 679 904 728 per
916 667 1077 714 incruentam
1088 663 1199 723 ejusdem·
1212 677 1259 711 cor-

205 738 274 799 poris
291 736 545 794 immolationem,et
562 733 656 784 realem
675 733 913 793 manducationem,
930 733 986 783 haec
1004 734 1077 783 nobis
1100 731 1216 794 applicari
1237 735 1258 778 et

207 804 315 855 conierrl
326 804 444 855 voluerit.
456 803 518 852 Vide
529 802 595 852 dicta
610 817 636 852 ιι.
650 806 718 863 3,ιι
731 815 757 851 ιι.
770 804 807 851 ιι.

236 873 282 922 Ηιι
293 872 374 928 addo.
391 868 458 932 quoa
469 873 534 919 sicut
545 871 571 918 in
580 871 651 919 omni
663 868 982 930 sacriflcio,bolocausturn
992 871 1088 932 excipio
1098 907 1105 928 ,
1117 870 1172 918 dum
1185 873 1259 932 partes

207 944 294 1000 erant,
310 939 407 990 scilicet
427 937 567 987 immolatio
580 939 708 998 victimae,
725 942 750 986 et
765 940 912 989 communio
922 976 928 998 ,
939 951 983 988 seu
1002 939 1177 1001 participatio,
1191 950 1258 1002 quara

206 1009 314 1058 otierens
327 1011 352 1057 ct
365 1009 386 1056 is
397 1019 443 1069 pro
455 1018 505 1068 quo
517 1006 667 1055 offerebatur
677 1004 804 1055 habebant
815 1019 875 1055 cnm
885 1008 1007 1065 victima;

236 1075 278 1127 Sic
290 1080 315 1126 et
330 1078 356 1125 ln
368 1075 460 1125 Christi
472 1073 610 1134 sacrificio,
622 1074 775 1124 sacrificium
787 1077 871 1124 crucis
885 1078 923 1124 est
938 1075 1078 1125 immolatio
1091 1074 1183 1125 Christi
1196 1095 1203 1134 ;
1215 1075 1259 1123 lla·

206 1145 323 1196 charistia
336 1149 373 1195 est
384 1146 457 1194 istius
475 1143 593 1193 sacrificii
608 1143 754 1192 communia
764 1179 771 1202 ,
783 1143 941 1204 participatio
954 1162 960 1192 r
974 1155 1018 1205 per
1037 1156 1095 1192 earn
1114 1146 1181 1194 enim
1198 1157 1258 1192 coru-

205 1215 351 1263 municatur
363 1214 473 1262 victimae
491 1213 574 1262 crucis
586 1223 666 1272 usque
680 1209 712 1259 ad
724 1213 970 1262 consummationem
979 1212 1068 1262 seculi.

236 1282 305 1332 idem
323 1284 407 1344 ltaque
425 1281 594 1340 sacrificium,
609 1279 697 1330 eadem
717 1281 821 1329 victima
839 1279 937 1330 (luobus
959 1281 1040 1331 modis
1061 1281 1162 1340 oblata,
1181 1285 1204 1330 ct
1217 1281 1258 1342 qut

206 1349 320 1400 Christus
331 1350 430 1414 pertlclt
441 1352 469 1399 in
480 1361 532 1398 nno
545 1349 612 1410 quod
625 1347 755 1398 inchoavit
764 1349 791 1396 ln
804 1347 892 1398 altero.

235 1419 264 1467 ln
278 1431 354 1469 cruce
369 1419 483 1468 Christus
495 1417 601 1467 salutem
614 1421 726 1466 nostram
737 1416 865 1466 inchoavit
874 1416 961 1476 ,nobis
973 1428 1018 1479 per
1028 1419 1179 1476 sangninem
1194 1429 1257 1466 suurn

205 1489 299 1536 meruit
316 1490 423 1549 gratiam
439 1490 464 1535 et
481 1483 881 1547 justitiam31naltarichristus
899 1485 1007 1536 salutem
1024 1489 1139 1534 nostram
1156 1485 1257 1548 perlicit,

206 1558 311 1616 gratiam
325 1559 350 1604 et
359 1556 483 1615 justitiam
501 1552 573 1603 nobis
584 1566 629 1615 per
638 1553 824 1604 Eucharistiam
836 1553 941 1603 conteri.

234 1623 264 1739 lin
275 1622 348 1672 altari
364 1625 439 1684 igitur
451 1629 476 1670 ct
485 1624 512 1670 in
521 1634 596 1671 cruce
612 1633 664 1671 non
676 1621 749 1671 aliter
759 1621 874 1672 christus
887 1621 902 1670 a
913 1620 1012 1672 Christo
1027 1621 1183 1685 separandus
1193 1621 1257 1686 quim

206 1701 233 1740 sa
257 1691 370 1740 arealis.

237 1760 378 1811 solemnia
396 1763 514 1823 operatur
533 1761 667 1817 interris,
683 1763 710 1808 at
724 1772 768 1823 per
789 1759 888 1820 radicat
904 1759 1080 1820 Eucharistia,
1093 1763 1166 1823 quasi
1185 1761 1257 1811 radius

206 1833 299 1882 crucis.

235 1912 409 1974 Quanam-ln
419 1911 471 1974 lege
483 1916 590 1973 quatuor
602 1915 674 1962 erant
685 1911 867 1962 sacrificiorum
879 1923 983 1973 genera,
993 1914 1021 1961 in
1030 1925 1057 1962 n.
1071 1914 1087 1961 5
1104 1917 1131 1962 et
1141 1917 1156 1963 6
1168 1917 1255 1962 notata:

206 1982 315 2043 oblatio,
327 1981 519 2041 holocaustam,
533 1993 578 2043 pre
589 1985 690 2042 peccato
700 2017 707 2041 ,
716 1980 888 2043 pacificorum.

235 2049 280 2100 Vel
293 2051 361 2100 enim
372 2087 379 2111 ‚
391 2052 421 2098 ut
438 2051 474 2098 ait
492 2047 565 2097 divas
579 2048 702 2108 Thomas,
721 2047 875 2098 sacrillclnm
895 2051 950 2100 erat
964 2047 996 2110 tle
1014 2049 1181 2112 inanimatis,
1192 2064 1254 2113 panc,

204 2119 297 2179 thure,
308 2122 367 2178 etc..
379 2122 404 2167 et
415 2118 544 2167 dicebatur
557 2117 648 2167 oblatio
658 2137 666 2178 ς
675 2117 716 2166 ιιι
729 2117 760 2166 da
773 2119 894 2167 animatis
904 2154 911 2178 ,
922 2118 996 2179 laque
1013 2118 1054 2167 vel
1070 2119 1103 2168 ari
1118 2119 1254 2182 placandam

205 2187 301 2246 Deam,
314 2191 339 2237 et
349 2186 443 2237 dicitur
454 2185 630 2236 holocaustum
640 2223 647 2247 ,
658 2186 726 2249 quod
739 2190 794 2236 erat
804 2187 979 2249 dignissimam
991 2223 999 2247 ,
1009 2189 1070 2249 quia
1081 2193 1167 2238 totum
1178 2200 1254 2238 crena
1296 2235 1297 2259 ,

206 2255 281 2304 batur
293 2256 319 2303 ia
330 2254 452 2303 honorem
464 2254 508 2304 Dei
519 2273 526 2313 3
540 2254 585 2304 uei·
593 2267 639 2316 pro
650 2256 791 2316 explatione
801 2257 911 2318 peccati,
920 2259 945 2304 et
956 2255 1048 2306 dicitur
1059 2257 1214 2308 sacrificium
1221 2269 1254 2319 pro

204 2325 306 2386 paccata
323 2321 519 2382 :balneantem
530 2322 647 2371 sacrittcii
662 2335 714 2371 una
727 2334 785 2385 pars
802 2323 1013 2384 comburebatur,
1024 2323 1104 2374 altera
1126 2326 1224 2376 cedebat
1234 2327 1253 2372 iu
1295 2307 1296 2335 ¹

205 2403 281 2440 nsum
294 2391 469 2440 ministrorum
479 2409 486 2450 ;
497 2389 538 2438 vel
546 2393 599 2438 erat
609 2401 655 2450 pro
665 2389 795 2440 beneflciis
807 2391 851 2440 bei
862 2427 869 2450 ,
879 2394 904 2440 et
913 2390 976 2440 illari
986 2395 1040 2440 crat
1052 2393 1141 2442 mimis
1152 2393 1253 2454 dignun,
1294 2383 1295 2413 ¹

204 2461 265 2521 qaia
276 2460 349 2508 tertia
361 2458 462 2507 tanthm
475 2471 533 2520 pars
552 2458 762 2519 comburebatur,
775 2462 800 2508 ct
813 2461 937 2509 minIstris
947 2459 1053 2510 dabatur
1067 2474 1119 2510 una
1129 2497 1139 2522 ,
1148 2461 1196 2511 alia
1208 2463 1253 2510 alic·
1293 2465 1294 2489 l

204 2527 334 2586 rentibus,
348 2529 373 2576 ct
383 2524 452 2576 istud
464 2525 557 2576 dicitur
568 2525 720 2576 sacrificium
734 2527 904 2590 pacificorum.
1292 2533 1293 2568 l

234 2597 331 2658 Figurae
343 2600 416 2647 erant
432 2600 540 2658 quatuor
553 2595 711 2646 diversorum
721 2597 848 2658 religionis
859 2598 998 2648 offic-iurum
1008 2619 1015 2650 c
1027 2599 1186 2652 adorationis
1196 2639 1202 2662 ,
1211 2614 1253 2664 gra·
1291 2607 1292 2645 l

203 2669 298 2718 tiaram
315 2669 437 2726 achonis,
459 2667 621 2728 expiationis,
636 2667 779 2729 petitionis,
795 2677 852 2728 qua
869 2669 955 2718 omniu
968 2681 1038 2718 nunc
1059 2682 1204 2721 exercemus
1220 2682 1251 2732 prr
1290 2679 1291 2721 ι

204 2747 286 2786 unum
298 2735 391 2784 Christi
404 2734 566 2784 sacriilelum.
1269 2746 1275 2759 ·
1289 2755 1290 2800 p

233 2804 299 2854 ilinc
316 2815 447 2866 perperam
464 2802 577 2852 haretici
596 2814 626 2851 ex
639 2801 764 2864 frequenti
784 2803 945 2855 eucharistici
961 2805 1081 2855 sacrificii
1102 2810 1250 2871 repetitione,
1288 2819 1289 2876 ι

204 2871 582 2928 tiliustntcruntinctticaciam,
806 2877 810 2883 ‘

233 2941 443 2990 Efficacissimum
460 2945 499 2989 est
521 2941 590 2990 enim
606 2940 758 2990 sacrificium
778 2941 858 3003 illud,
871 2955 915 3006 per
934 2941 1002 3004 quoa
1018 2955 1125 2994 omnem
1144 2941 1250 3007 religionis

203 3015 289 3060 actum
300 3022 457 3068 exercemus,
471 3010 637 3072 omnibusque
649 3013 741 3060 nostris
749 3010 839 3062 debitis
852 3025 909 3074 erga
921 3013 1000 3063 licum
1017 3013 1196 3066 satisfacimus.

233 3078 392 3128 Sacrificium
402 3080 494 3141 quippe
505 3079 601 3140 hlissae,
613 3092 665 3129 non
677 3080 778 3130 tantum
791 3086 828 3131 est
838 3084 1017 3144 expiatorium,
1031 3095 1077 3131 seu
1091 3097 1139 3145 pro
1150 3089 1247 3148 peccata.

202 3147 247 3198 cca
260 3152 285 3197 et
303 3146 478 3200 holocaustam
495 3151 533 3197 est
548 3151 576 3197 in
591 3149 714 3198 honorem
727 3149 787 3206 liei,
800 3154 826 3200 et
842 3151 1056 3209 eucharisticum,
1073 3156 1099 3201 et
1118 3153 1247 3203 sacritician

201 3213 365 3281 paciilcorum
374 3251 382 3276 ,
392 3227 436 3266 seu
449 3227 495 3278 pro
506 3215 636 3265 beneflciis
649 3216 703 3266 liei.

231 3283 296 3336 lllari
306 3285 386 3356 igitur
399 3283 529 3332 offer-imas
541 3285 649 3344 jugiter,
659 3287 689 3332 ιιι
702 3288 804 3348 peccata
816 3286 920 3347 quidem
938 3287 1069 3349 expiemus
1082 3301 1141 3350 qua
1156 3290 1185 3339 de
1199 3297 1247 3338 noro

201 3359 294 3418 iugiter
310 3356 509 3404 committimus=

231 3425 263 3474 At
274 3428 393 3487 praeterea
402 3425 494 3484 jugiter
505 3421 569 3471 illud
580 3421 709 3473 offerimus
719 3461 727 3484 ,
738 3429 767 3476 nt
777 3427 827 3476 lieo
838 3426 930 3488 gratim
946 3438 991 3488 pro
1004 3426 1138 3480 beneflciis
1149 3439 1246 3491 aganas.

203 3497 232 3542 ut
247 3492 280 3541 ab
298 3503 328 3542 co
346 3504 413 3541 nora
431 3487 553 3540 beneficia
566 3492 743 3555 impetremus,
758 3498 787 3543 at
800 3493 873 3544 illam
892 3495 1012 3544 continua
1030 3501 1056 3546 et
1073 3497 1174 3548 infinite
1185 3497 1246 3546 hunc

201 3573 298 3610 remus.

229 3630 295 3744 ilinc
309 3629 511 3745 'benetrocatam
529 3632 568 3679 cst
583 3629 711 3694 religionis
723 3632 889 3694 sacrificium,
905 3645 950 3696 per
960 3633 1028 3696 quod
1039 3639 1127 3687 omnis
1139 3637 1246 3688 excreatur

201 3709 228 3747 rc
239 3709 263 3757 rg
274 3707 329 3746 onrs
343 3710 372 3746 ac
387 3709 425 3746 us.

232 3763 293 3812 thc
313 3766 340 3813 ia
358 3763 408 3812 tine
429 3765 517 3826 capitia
533 3768 595 3817 noni
615 3767 720 3819 modam
733 3769 779 3820 hos
796 3735 868 3820 actas
882 3771 1012 3822 exercendi
1030 3774 1060 3823 in
1079 3775 1245 3836 chrisimcun

203 3829 317 3886 Christo.
329 3843 373 3893 per
388 3831 525 3884 Christum.
