2612 4542
174 223 226 301 *uu
376 245 505 302 rurus
523 243 730 302 rursrourt
747 245 798 300 ro
815 241 1050 302 rrsorururr

185 481 451 512 ml·

300 729 306 738 .
340 693 601 776 ANALYSIS
628 692 842 776 GAPlTlS
867 693 1083 797 QUARTI.

636 922 788 938 m

183 1037 332 1134 pressior
345 1076 511 1146 Apostolus,
523 1076 645 1132 haereses
659 1079 741 1132 brevi
755 1078 945 1142 suboriturus,
961 1092 1025 1148 quae
1042 1078 1162 1148 nuptias
1172 1081 1251 1135 velut

183 1159 307 1226 illicitos,
320 1159 508 1226 damnabunt,
522 1166 671 1229 certosque
684 1162 781 1228 cibos,
796 1168 931 1229 tunquam
941 1163 1040 1216 malos.
1054 1162 1082 1231 i.
1097 1166 1130 1228 1,
1141 1164 1171 1227 2,
1184 1166 1212 1217 5.

217 1245 321 1298 omnes
336 1243 520 1298 outemcihos
533 1244 562 1296 iu
582 1258 614 1298 se
633 1246 726 1298 honos
742 1259 805 1300 esse
825 1245 942 1312 prohat,
956 1251 1015 1300 tum
1037 1259 1072 1298 ex
1091 1245 1249 1301 intentione

183 1327 338 1393 creatoris,
355 1327 384 1396 y.
396 1330 430 1393 5,
446 1333 506 1381 tum
523 1341 558 1381 ex
577 1328 676 1380 natust
690 1329 732 1382 rei
750 1327 1076 1396 ereatae,i.t,tumex
1087 1329 1249 1385 hono-hde-

182 1410 252 1464 liuur
261 1425 315 1464 usu
327 1425 415 1479 quem
424 1411 516 1465 (locet.
529 1411 557 1480 y,
574 1414 605 1464 5.

217 1495 285 1548 llaeo
298 1494 368 1548 ulios
379 1495 480 1549 doceat
494 1495 673 1558 Timotheus,
686 1495 794 1550 {obuias
805 1501 899 1550 autem
911 1501 1033 1563 spernet.
1046 1497 1074 1565 γ.
1088 1499 1115 1562 6,
1130 1499 1157 1550 l.

219 1577 396 1634 Timotheum
414 1586 479 1634 oute
495 1579 590 1632 omnia
607 1578 644 1632 ad
663 1579 774 1646 pietatis
785 1579 948 1633 exercitium
962 1578 1107 1644 hortatum
1120 1585 1148 1632 et
1162 1586 1195 1632 ut
1214 1594 1248 1634 eo

184 1657 337 1712 studiosius
348 1660 423 1714 illam
434 1666 577 1726 exerceat,
591 1661 649 1729 quo
659 1661 749 1729 plotas
758 1662 853 1718 utilior
870 1668 913 1718 est
925 1662 1068 1716 adomnia
1081 1667 1111 1716 et
1127 1661 1249 1732 humet

183 1741 284 1795 fulurae
293 1742 355 1796 ritae
368 1741 453 1797 bona.
466 1743 494 1812 i.
507 1746 534 1796 8.
823 1779 826 1783 ·

220 1825 355 1895 llaneque
373 1827 484 1895 pietatis
501 1829 665 1894 utilitatem,
683 1827 719 1882 ad
740 1827 862 1882 futuroru
879 1827 1051 1898 praesertim,
1070 1828 1174 1892 vitam,
1191 1829 1249 1882 vult

184 1910 364 1979 Apostolus&
381 1909 527 1966 Timotheo
544 1911 660 1966 firmiter
676 1909 753 1965 credi
765 1917 795 1964 et
805 1925 870 1966 oum
878 1913 1042 1966 auctoritate
1054 1911 1161 1966 doceri.
1180 1912 1208 1981 7.
1221 1915 1250 1978 ll,

184 1997 237 2059 1ο,
250 1997 296 2049 11.

219 2079 259 2131 ite
269 2079 333 2146 quis
342 2085 435 2134 eutem
443 2080 535 2148 ipsum
547 2085 659 2147 spernat
671 2085 702 2134 ut
714 2077 867 2146 iuvenem,
881 2079 1010 2132 hortatur
1021 2084 1053 2132 ut
1066 2079 1103 2132 sit
1118 2079 1247 2134 omuibus

186 2160 314 2215 llrlelihus
332 2163 485 2217 sanctitutis
501 2164 654 2231 exemptor,
668 2162 696 2231 l.
711 2165 762 2227 12,
775 2168 863 2230 utque
876 2161 991 2216 lectioni
1000 2163 1251 2229 sacro-scripturo

180 2249 217 2296 et
232 2243 319 2297 divini
329 2246 408 2299 verbi
421 2247 555 2300 doctriuae
570 2246 684 2299 sedulus
695 2246 830 2299 intendat.
846 2247 874 2314 i.
885 2249 932 2300 15.

219 2325 360 2393 lienique,
377 2331 409 2380 ut
428 2327 560 2396 gratiam,
577 2327 795 2382 inordinatione
812 2328 866 2382 sihi
883 2330 1023 2392 collatam,
1037 2341 1095 2381 non
1109 2330 1247 2397 negligat,

188 2407 215 2475 7.
224 2409 270 2462 11.
500 2402 506 2410 ’

222 2487 278 2542 Sed
289 2487 329 2540 ita
341 2499 399 2541 suae
411 2493 439 2542 et
451 2487 568 2542 aliorum
580 2488 791 2543 sanctificationi
803 2492 839 2544 sit
850 2498 986 2560 attentus,
1000 2500 1031 2548 ut
1045 2502 1139 2561 pateus
1155 2495 1245 2550 omni-

187 2569 242 2624 hus
256 2568 393 2644 quunthm
411 2570 559 2646 inpietate
575 2577 604 2626 et
621 2570 747 2626 doctrino
763 2572 918 2646 profecerit.
936 2575 964 2645 7.
984 2579 1098 2644 15,16.
