2612 4542
281 320 451 376 unieiux
468 323 697 380 expositio.
715 327 797 380 cie.
815 328 865 380 Vl.
1059 333 1114 382 iiii

70 411 160 480 dilecti,
184 412 234 482 qui
256 414 382 472 beneficii
404 419 493 484 perti-
516 417 545 470 ed
559 418 687 471 chariores
696 419 840 482 sint,qudd
855 420 966 482 eiusdem
983 425 1042 472 sunt
1053 436 1111 472 cum

70 491 133 556 cipes
150 498 223 547 eunt,
238 493 303 548 flaee
319 493 391 548 <1000
402 499 431 548 ep
442 509 493 550 ex.
515 488 575 550 ipsis
588 489 673 550 gratie
691 489 832 552 participes.
845 487 902 540 llaec
922 489 983 540 doce
996 493 1112 540 nescien-

69 568 172 622 ioiiaee,
514 561 569 619 tes,
582 558 683 608 hortare
693 555 753 608 verb
766 559 881 609 scientes.

98 651 120 700 i.
130 647 156 700 Si
168 647 230 714 quis
245 647 324 702 aliter
342 649 444 716 docet,
464 654 492 704 et
545 655 570 706 Si
581 658 638 719 quis
648 655 790 706 doctrinam
803 655 835 706 ab
845 657 894 707 bac
905 661 989 707 nostra
1003 657 1112 707 alienam

69 739 115 778 uon
126 725 274 792 acquiescit
291 729 367 782 sanis
382 743 492 782 sermo-
514 726 600 785 docet,
616 730 641 774 et
661 738 712 774 non
724 725 837 776 edbceret·
849 723 1000 776 salutaribus
1011 725 1111 776 Minici

69 803 138 858 pibus
164 804 274 858 nomini
306 806 396 860 mgni
425 809 491 860 pesp
514 797 592 845 nostri
606 793 664 844 lesu
677 792 770 843 Christi
791 794 1022 852 sermonibus,seu
1036 807 1112 842 overr-

69 880 166 944 iliristi,
179 886 206 934 et
218 882 245 934 ei
256 895 320 948 quae
337 881 492 936 secundum
514 861 597 926 selice
611 861 731 912 doctrine
742 872 799 923 quae
813 871 899 912 verum
918 863 1036 922 pietatem
1054 873 1112 922 pso.

69 956 178 1022 pietatem
191 963 250 1023 est,
266 958 420 1013 doctrinae:
513 936 613 993 mvelt

95 1038 118 1088 l.
150 1035 292 1102 Superbus
324 1041 385 1102 est,
423 1038 491 1091 nihil
545 1031 722 1096 Superbuscst
742 1034 767 1082 et
783 1029 954 1100 ignerus‚sed
972 1033 997 1078 ct
1011 1028 1112 1090 languet

69 1113 159 1176 sciens,
181 1113 231 1166 sed
254 1115 390 1183 languens
418 1116 491 1169 circa
514 1105 580 1156 circe
597 1102 682 1153 iutiles
696 1102 846 1164 questiones
859 1098 1111 1150 etmerasdeverbis

69 1347 81 1397 n
92 1282 188 1335 llerilem
198 1285 318 1348 quidem.
330 1286 392 1338 dum
409 1286 518 1338 dominis
530 1289 636 1351 inspirat
648 1289 677 1336 ut
691 1296 776 1336 servm
795 1296 868 1344 suos,
879 1283 948 1333 velut
958 1283 1056 1344 iratres,
1071 1283 1111 1332 di-

83 1357 139 1412 geni.

91 1422 199 1474 servilem
217 1425 300 1484 verb,
316 1425 378 1476 dum
398 1438 484 1478 servos
503 1427 578 1477 docel
595 1426 724 1476 Christum
740 1425 767 1474 ln
782 1423 891 1473 dominis
911 1424 964 1472 suis
982 1425 1087 1472 revereri
1104 1460 1109 1480 ‚

70 1490 153 1552 elque,
170 1491 241 1557 velut
255 1493 357 1545 Christo
374 1495 497 1554 bomine.
516 1495 644 1559 prompte,
663 1493 769 1544 libenter
792 1495 894 1542 etcum
915 1491 1006 1540 affectu
1021 1492 1111 1540 minis-

70 1561 131 1608 trare.

92 1625 122 1676 dx
132 1641 178 1691 qno
189 1629 323 1694 emistus,
334 1631 401 1683 illius
412 1633 471 1695 liei,
488 1632 564 1684 irater
576 1635 660 1683 noster
672 1630 754 1682 iactus
770 1634 808 1682 est
818 1668 825 1692 ,
837 1641 931 1691 nosque
945 1628 1033 1679 iratres
1052 1642 1110 1678 snos

70 1695 172 1758 lipebre
182 1699 302 1762 dignutus
311 1704 364 1762 estc
376 1701 461 1752 nullus
475 1702 567 1763 homo,
579 1704 753 1762 culuscunque
769 1700 897 1762 dignitatis
908 1702 933 1747 et
943 1700 1110 1762 praeminen-

71 1763 113 1823 tle,
126 1764 270 1828 dedignetur
290 1780 374 1818 servos
387 1782 445 1820 suos
460 1774 488 1819 ut
503 1769 591 1819 iratres
604 1770 697 1819 intueri
713 1773 738 1818 et
753 1767 863 1830 diligere.

92 1831 122 1884 liu
130 1847 176 1898 qno
186 1836 323 1898 Christus,
336 1836 404 1888 illius
414 1837 476 1899 liei,
490 1838 600 1902 somnam
612 1840 679 1890 seros·
690 1839 798 1901 occepit,
812 1843 834 1888 et
845 1851 892 1900 pro
903 1837 975 1886 nobis
983 1836 1064 1899 iccius
1077 1845 1110 1886 eat

73 1899 166 1953 obedien
177 1918 257 1968 usque
272 1905 308 1955 cd
319 1911 424 1956 mortem
430 1923 441 1968 ,·
451 1905 537 1956 nulius
546 1906 622 1955 bomo
632 1906 829 1967 ,qualiscunque
839 1907 887 1963 sit,
900 1905 1029 1953 erubescet
1037 1903 1109 1953 uberi

70 1966 149 2022 bomini
160 1974 230 2024 subdi
240 2013 248 2035 ,
259 1975 356 2025 servire
368 1976 394 2024 et
402 1975 519 2036 obedire;
533 1974 586 2024 imo
599 1974 718 2037 glorietur
730 1975 756 2024 ld
766 1974 895 2038 prompte,
911 1971 1018 2022 libenter
1033 1976 1058 2020 et
1070 1985 1110 2021 re-

69 2044 164 2092 verenter
175 2044 206 2093 ob
218 2043 352 2094 Christum
361 2043 499 2094 bominum
511 2046 637 2106 praestare.

93 2110 140 2160 llcc
149 2113 205 2162 dccc
217 2123 306 2163 servos
320 2114 478 2172 nescientes,
490 2115 519 2162 nt
531 2123 607 2162 suum
624 2111 742 2161 noverint
754 2109 863 2161 odicium
884 2119 984 2170 sueque
997 2109 1109 2159 senctld·

70 2179 155 2229 udonis
164 2181 281 2231 modum.

91 2251 217 2306 damnare
229 2253 292 2306 verb
303 2257 424 2316 scientes,
438 2255 541 2317 niquod
554 2258 680 2305 noverunt
690 2266 764 2319 opere
776 2253 907 2318 perficient
917 2290 924 2314 ‚
936 2265 1010 2318 seque
1022 2255 1049 2303 in
1057 2267 1110 2305 scr-

70 2319 134 2370 viiute
146 2324 313 2375 snncbiloent.

92 2403 207 2468 tsiqm'e
218 2405 298 2456 aliter
314 2407 382 2457 dccet
383 2439 432 2457 .....
445 2419 490 2458 seu
501 2404 636 2456 alienama
654 2405 739 2456 nostre
757 2405 898 2456 doctrinam
914 2405 1003 2466 docet,
1020 2410 1045 2456 et
1056 2420 1107 2456 non

69 2466 158 2524 illuc
173 2473 334 2526 salubribus
348 2474 452 2526 Domini
465 2476 545 2525 nostri
558 2477 618 2525 lectt
633 2475 725 2525 Christi
738 2476 912 2534 senonibus,
923 2474 948 2523 ld
961 2479 1017 2534 est,
1032 2488 1108 2524 evon-

69 2537 135 2596 ltlltae
153 2542 356 2606 duorumque
373 2547 426 2595 tota
439 2544 556 2595 salutaris
575 2549 612 2595 est
628 2548 655 2595 et
670 2557 732 2595 sane
744 2581 752 2604 ,
766 2556 871 2608 queque
885 2557 972 2594 rerem
989 2547 1107 2608 pietatem

70 2604 126 2658 locet
135 2647 142 2671 ‚
151 2624 291 2676 verumque
303 2613 347 2664 liei
359 2613 456 2663 cultum
466 2616 607 2676 promovet.

77 2674 144 2752 'lllnc
155 2688 257 2746 apparet
273 2682 340 2744 qudd
350 2680 429 2742 aliqui
439 2681 494 2731 ielsi
508 2681 620 2732 doctores
631 2718 638 2741 ,
650 2683 703 2731 slve
711 2681 866 2744 judaizantes
875 2717 882 2741 ‚
890 2683 942 2730 sive
953 2679 995 2729 alil
1009 2717 1016 2740 ‚
1028 2680 1108 2728 chris·

68 2743 145 2797 tlenam
157 2748 314 2811 libertatem,
327 2761 384 2812 quae
403 2748 541 2812 spiritualis
557 2754 594 2798 est
612 2752 637 2798 et
649 2748 752 2809 divine,
765 2748 946 2799 contundentes
959 2761 1019 2798 cnm
1038 2749 1107 2798 civili

69 2814 87 2858 tl
98 2812 199 2869 hemena
213 2819 346 2880 libertate,
360 2831 416 2880 quae
436 2817 571 2880 corporalis
585 2820 622 2866 est
641 2821 667 2866 ct
688 2821 803 2877 ertema,
815 2816 937 2866 docebant
956 2815 1022 2877 quod
1041 2821 1105 2866 servi

69 2877 191 2948 christiani,
205 2891 293 2952 utpote
303 2900 348 2952 per
357 2886 487 2937 Christum
498 2883 596 2936 liberati
616 2885 709 2946 licique
723 2882 769 2934 tilii
782 2883 839 2934 iacti
847 2921 854 2945 ,
863 2885 895 2933 eb
908 2884 1042 2934 hominum
1052 2897 1107 2934 ser-

68 2949 131 3002 vitute
143 2960 224 3007 essent
235 2956 318 3008 liberi.

91 3016 131 3069 llos
141 3020 212 3074 ielsos
223 3025 354 3086 doctores,
365 3025 436 3076 velut
446 3023 573 3087 Evangelii
590 3025 707 3074 inimicos
726 3027 751 3073 et
761 3023 856 3073 ordinis
871 3021 965 3086 politici
979 3026 1106 3088 perturbe-

68 3085 133 3149 tores‚
145 3093 235 3144 ecriter
246 3095 373 3156 redarguit
383 3093 533 3156 Apostolns3
545 3097 570 3143 et
579 3093 641 3143 hinc
653 3094 784 3142 occasione
796 3094 867 3154 cepti
876 3129 883 3150 ‚
893 3094 920 3141 in
936 3104 1024 3143 omnes
1034 3106 1106 3156 quos-

69 3163 152 3216 cunque
163 3167 285 3213 novantes
295 3175 384 3214 rursus
395 3162 540 3224 invehitur,
551 3164 618 3212 sicut
628 3162 702 3211 initio
717 3160 841 3224 epistole,
852 3163 933 3223 capite
945 3166 967 3210 t.

92 3237 112 3286 ⁴·
122 3240 249 3304 Superbus
257 3250 320 3298 est...
332 3243 376 3294 Gr.
387 3245 482 3306 turget,
492 3244 595 3294 indatus
605 3247 653 3294 est.

77 3301 128 3380 'Per
137 3311 271 3371 quemdem
280 3312 313 3362 ad
325 3323 459 3374 corporum
469 3312 570 3361 morbos
578 3311 729 3375 analogiam,
737 3311 854 3363 describit
866 3311 1022 3374 spiritualem
1033 3324 1105 3359 men-

68 3371 120 3423 llum
132 3378 163 3428 ab
177 3380 305 3443 Evangelii
316 3381 421 3430 veritate
432 3379 604 3430 recedentium
615 3382 798 3442 egritudinem.

77 3507 81 3516 Ι
91 3439 172 3497 christi
182 3449 296 3500 doctrina
308 3453 361 3499 tots
373 3449 491 3498 saluteris
505 3454 542 3499 est
553 3455 597 3506 ,ut
611 3450 734 3501 versiculo
747 3449 869 3513 superiori
882 3447 944 3497 dixit
955 3466 962 3506 ς
974 3444 1025 3495 imd
1036 3447 1103 3494 salu-

68 3509 93 3555 lu
103 3509 152 3564 lons
162 3521 234 3567 estet
245 3529 320 3568 causa
335 3535 342 3566 ε
362 3517 470 3568 Verbum
484 3518 583 3568 colotis.

92 3575 131 3636 Qui
141 3583 171 3632 ob
181 3597 211 3636 ee
224 3586 337 3637 doctrine
352 3585 445 3637 recedit
455 3585 487 3646 ,i
498 3584 578 3636 salute
591 3585 694 3636 recedit.

91 3643 148 3698 llinc
157 3655 295 3705 necessario
306 3655 335 3705 iit
348 3666 411 3716 eger
419 3673 428 3716 ;
435 3667 466 3705 ac
484 3654 585 3718 primo,

91 3711 187 3790 luisci,
198 3722 314 3782 intiatur,
321 3723 388 3773 sicut
399 3727 501 3773 tument
513 3735 577 3784 aegre
595 3733 708 3784 corpore.

93 3781 155 3840 litlod
169 3789 196 3837 in
208 3791 352 3852 corporibus
365 3797 451 3842 tumor
463 3827 470 3852 ‚
485 3793 512 3841 in
525 3791 574 3840 boc
586 3791 720 3840 animabus
732 3787 853 3851 superbis.
865 3786 894 3838 ll.
904 3787 1102 3852 chrysostomus.

93 3847 173 3906 lumel
187 3870 244 3920 ergo
256 3863 359 3912 novator
368 3861 447 3926 typho
460 3872 532 3910 vane
547 3861 665 3910 scientie.

94 3923 160 3977 illiti
175 3932 252 3982 eciem
259 3949 270 3994 ,·
285 3936 309 3983 et
323 3937 408 3989 umen
419 3933 485 3987 nibil
503 3935 551 3986 soit
560 3970 568 3994 ‚
577 3933 669 3984 veriet
682 3929 759 3982 solidi
777 3929 908 3986 destitutus
924 3931 1045 3995 sciendi,
1060 3936 1104 3986 nt·

70 3993 117 4048 pote
127 3992 173 4046 ilde
184 4001 303 4061 privatus.
