2670 4542
199 254 234 305 ld
615 252 833 311 PRAEEATIO.

239 347 286 408 Ex
305 345 365 410 hae
378 344 532 410 Timothei
548 362 620 409 oum
637 347 710 410 divo
734 349 828 411 Paulo
841 343 1060 424 unanimitate,
1074 344 1181 426 quidni
1195 345 1264 408 lae-

199 453 268 514 tum
279 450 406 514 credam
426 448 510 534 qudd
531 451 645 514 Paulus
663 452 728 520 suis
747 452 780 516 iu
792 449 955 531 epistolis,
975 448 1129 512 Timothei
1144 467 1263 514 nomen

199 557 264 616 tam
286 569 370 634 saepe
388 569 461 618 eum
483 571 542 618 suo
560 555 689 620 nomino
711 556 870 620 missetat
891 553 1078 636 conjungit?
1094 553 1207 628 Quidni
1230 559 1264 618 et

199 661 316 722 laetum
333 662 442 740 putem
453 658 539 740 quod
551 661 664 723 Paulus
685 660 900 750 Timotheum,
915 659 1004 739 quasi
1021 677 1114 724 suum
1132 657 1265 722 alatere

198 763 348 844 legatum,
359 765 540 844 frequenter
548 762 645 838 mittit
657 762 722 845 qud
735 780 799 826 non
811 767 917 846 potest
929 763 1063 844 ipsemet
1077 764 1122 828 ire
1135 763 1263 843 :quidni

199 870 231 930 et
248 866 351 948 qudd,
363 869 486 948 Epheso
501 869 613 932 Paulus
627 865 646 930 t
662 866 757 930 labris
773 865 878 931 Dianae
893 869 1073 949 compulsus
1086 868 1195 945 exire,
1211 867 1265 928 Ti-

197 973 365 1051 rnqtlieum
376 973 419 1040 ibi
436 972 561 1052 reliquit
574 971 776 1053 episcopum,
794 969 859 1036 imd
871 972 1139 1058 arehiepisoopum
1152 976 1184 1036 et
1198 973 1265 1052 pri·

199 1071 333 1156 mitem,
347 1077 403 1157 qui
420 1075 579 1156 Evangelii
602 1077 722 1140 semina
735 1074 754 1139 a
766 1076 862 1139 l’aulo
885 1078 1025 1157 projecta
1037 1079 1143 1141 ioveat
1155 1080 1189 1141 et
1206 1091 1266 1140 ex-

199 1182 282 1244 colat
293 1229 303 1257 ‚
316 1184 466 1260 tauquam
483 1181 596 1246 Paulus
615 1182 704 1244 alter.

238 1286 316 1348 lluie
343 1301 419 1365 ergo
446 1284 621 1349 admirabili
641 1281 826 1363 timotheo,
848 1302 913 1348 non
933 1285 1095 1364 Ephesium
1116 1285 1264 1349 Ecclesiae

200 1387 324 1454 tantum
345 1389 514 1469 episcopo,
530 1390 587 1454 sed
605 1393 638 1454 et
656 1389 796 1452 omnium
811 1388 892 1450 dsiae
907 1388 1037 1450 minoris
1053 1388 1264 1452 Ecclesiarum

199 1494 345 1574 primati,
366 1493 456 1556 binas
482 1495 596 1557 Paulus
617 1494 741 1574 scripsit
757 1492 929 1572 Epistulas,
943 1496 981 1555 ut
1000 1510 1090 1569 eum,
1113 1509 1178 1556 non
1190 1497 1264 1557 tau-
1304 1525 1316 1545 ·

200 1616 295 1677 quam
308 1597 515 1662 Christianum
529 1597 788 1677 quemlibet‚0sed
802 1601 950 1677 tanquam
966 1597 1064 1676 plebis
1084 1597 1263 1662 christianae

199 1701 380 1777 doctorem,
395 1701 538 1764 instituat
551 1701 592 1764 de
603 1701 641 1764 lis
654 1717 735 1780 qua,
750 1719 807 1764 seu
824 1717 930 1780 agera,
945 1700 1260 1768 soudooeredelreat.

238 1803 397 1887 deprimo
417 1804 565 1885 quidem,
582 1805 614 1868 in
635 1806 694 1868 hac
708 1805 803 1886 priori
821 1805 960 1885 Epistola
977 1807 1064 1870 illum
1081 1806 1211 1874 instruit
1224 1810 1262 1872 de

182 1911 358 1990 doctrina,
373 1899 431 1974 seu
449 1907 524 1989 quid
540 1925 604 1972 non
621 1908 818 1987 docendum,
833 1908 910 1988 quid
922 1907 997 1974 vero
1010 1909 1201 1978 docendum.

237 2015 509 2082 lraindedeeultu
532 2012 699 2094 Dei‚qudd
721 2016 794 2076 ante
807 2013 912 2080 omnia
924 2018 1006 2080 Deus
1019 2015 1061 2080 sit
1073 2017 1262 2098 orandam

198 2120 330 2199 quilius,
344 2120 398 2183 ubi
411 2123 444 2183 at
457 2119 628 2198 quomodo.

240 2222 364 2299 Tertio,
384 2223 425 2287 de
442 2223 639 2287 ordinatione
663 2222 896 2304 ministrorum
915 2239 986 2304 quaa
1003 2224 1036 2290 io
1055 2226 1208 2309 episeopo
1230 2236 1261 2294 et

199 2329 332 2392 diacono
349 2327 441 2392 dotas
463 2327 682 2406 requirantur,
696 2330 729 2390 et
748 2333 976 2408 consequenter
986 2373 996 2407 ‚
1008 2330 1109 2410 qualis
1122 2331 1191 2412 ipse
1206 2335 1261 2398 de-

198 2434 272 2496 beat
284 2448 374 2510 esso,
391 2434 423 2495 et
437 2432 546 2510 quales
563 2430 719 2494 ordinare.
1039 2429 1044 2436 '

237 2532 373 2611 Quarto,
388 2535 529 2615 praedioit
551 2535 746 2598 suborituras
759 2536 915 2615 hereses,
930 2541 1041 2604 moira
1061 2557 1141 2620 quas
1156 2542 1259 2607 Timo-

198 2642 307 2704 theum
319 2639 485 2720 praemunit
498 2641 532 2705 et
544 2644 655 2704 armat.
1315 2721 1319 2730 .

235 2743 369 2823 Quinto,
385 2745 479 2808 dooat
496 2761 569 2808 eum
581 2745 741 2825 quomodo
754 2761 830 2826 erga
841 2762 953 2812 omnes
968 2749 1001 2811 at
1018 2747 1163 2830 singulm
1180 2750 1258 2814 tide·
1324 2819 1325 2830 χ

197 2852 242 2914 les
252 2897 261 2929 ‚
273 2868 331 2932 pro
343 2841 494 2915 varietate
512 2853 673 2926 statuum,
688 2867 724 2913 se
741 2866 851 2928 gerare
867 2849 991 2914 debeat.
1264 2874 1269 2886 ·

237 2951 350 3031 sexto,
375 2969 486 3020 servos
508 2954 602 3016 docet
619 2953 846 3031 obedientiam,
861 2952 973 3018 divites
998 2955 1211 3024 humilitatem
1227 2965 1269 3022 et'
1323 3017 1324 3027 ,

196 3057 434 3134 liberalitatem
452 3055 604 3135 denique,
625 3057 826 3120 'lirnotlaeum
843 3057 986 3122 hortator
1005 3059 1167 3126 adomnia
1185 3062 1257 3126 vitia

195 3161 362 3242 fugienda,
377 3161 418 3224 ad
436 3175 564 3224 omnem
582 3161 736 3239 iustitiam
754 3159 865 3224 sedulo
887 3163 1067 3230 sectandam
1080 3212 1089 3242 ,
1100 3165 1133 3232 iu
1148 3167 1257 3248 primis
1322 3163 1323 3219 i

195 3263 287 3342 vero,
307 3267 342 3328 ut
361 3265 436 3328 fidei
451 3263 630 3345 depositum
642 3267 768 3344 serrat,
789 3282 932 3345 novaque
945 3266 1021 3332 vitet
1034 3268 1197 3349 dogmata.

233 3372 271 3432 Et
283 3369 351 3431 haeo
361 3370 410 3431 est
421 3368 517 3448 huius
538 3368 681 3448 Epistulae
694 3369 878 3432 substantia.
1321 3369 1322 3413 l

234 3473 290 3537 Ubi
301 3476 406 3536 autem
419 3476 453 3535 at
473 3473 599 3552 quando
612 3473 727 3553 scripta
741 3472 799 3536 luit
811 3473 879 3536 luae
896 3474 980 3553 prior
997 3475 1036 3542 ad
1056 3477 1254 3543 Timotheum

195 3579 347 3680 Epopon,
372 3578 492 3642 variant
514 3580 670 3639 auetores.
694 3576 802 3651 Quoad
826 3577 928 3642 looum
962 3580 1111 3659 quidem,
1139 3584 1251 3664 aliqui,

194 3686 287 3762 juxta
307 3685 448 3746 Groeoum
467 3685 500 3745 et
517 3681 697 3762 Syriaauro,
713 3682 822 3744 volunt
834 3678 920 3760 quod
938 3681 1125 3754 euaedioea
1140 3689 1254 3769 scripu

196 3787 256 3865 sit3
271 3785 322 3849 alii
342 3784 531 3865 probabilius
555 3781 696 3864 putante
718 3783 915 3865 llaeedonia,
930 3787 1024 3868 idque
1040 3789 1166 3856 uidetur
1177 3793 1253 3856 insi·
1318 3819 1319 3842 u

196 3893 343 3965 nuatum,
362 3908 390 3951 c,
409 3900 435 3968 1,
447 3894 478 3961 i.
495 3895 513 3954 3
531 3890 595 3953 :ita
609 3889 759 3952 Baronius
770 3890 916 3969 ,-Estius‚
933 3897 993 3958 eie.
