2622 4552
197 275 250 328 cao
479 269 683 324 arrsronu
700 269 750 320 un
768 253 957 318 uesanos

226 367 270 417 iiis
281 367 366 426 itaque
382 366 418 414 sic
433 363 561 426 dispositis
575 367 600 414 ei
615 363 753 420 metuatis,
768 361 793 409 in
851 363 879 414 6.
892 358 1019 412 iiisvorb
1032 353 1234 423 incompositis,

195 439 305 498 priorem
321 433 486 485 Tabernaculi
506 439 605 497 partem
625 432 737 496 (111ῠῦίίἱο
757 434 797 480 iu-
818 435 845 488 Ιῃ
861 437 945 504 priori
960 435 1074 502 quidem
1084 433 1237 486 tabernaculo

196 506 372 567 gradiebantur
383 503 488 566 quilibet
505 503 660 561 sacerdotes,
678 514 722 564 per
737 512 797 550 suas
820 527 930 578 sempe„
939 511 1091 563 immjbam
1104 509 1238 561 sacerdopes

196 575 277 630 vices,
298 585 366 622 sacra
387 573 507 632 mysteria
530 583 626 631 suaque
641 569 723 620 officia
740 580 797 630 per-
819 585 1240 641 saofflciorumofficpaeonfflm.

196 644 287 690 muri·
819 672 937 717 mantes.

227 752 255 800 in
268 755 431 814 posteriorem
442 749 502 800 verb
517 750 681 800 tabernaculi
699 751 796 812 partem
855 745 882 794 7.
897 739 1062 794 insecundo
1074 745 1162 790 autem
1172 733 1240 788 semu

196 831 252 878 quie
277 818 399 867 Sanctum
425 823 571 868 sauctorum
593 814 704 874 dicitur,
730 813 798 862 seius
820 821 848 873 ῑῃ
866 820 1032 872 annosoius
1053 815 1241 883 pontifex‚noc

197 886 354 936 sacerdotum
376 886 493 948 prinecps
511 882 588 933 semei
605 882 728 932 duntaxat
743 885 798 932 sin·
820 891 1242 961 sinesangupnequemofffflpm

197 955 261 1016 guita
274 957 349 1004 annis
368 953 572 1014 ingrediebatur,
586 963 638 1000 oon
652 953 708 1000 sine
723 949 796 1000 vituii
821 989 870 1028 sua
880 979 908 1027 et
917 971 1186 1039 populiignommia:
1290 985 1291 998 ,

198 1029 222 1073 oi
235 1024 299 1074 hirci
311 1025 450 1084 sauguine,
462 1033 538 1082 quem
551 1021 602 1069 iilic
615 1019 666 1069 lieo
679 1020 798 1069 offerebat

198 1105 243 1153 pro
256 1093 309 1140 suis
319 1095 344 1141 ei
354 1103 400 1154 pro
411 1087 497 1153 populi
508 1089 618 1151 peccatis

228 1159 332 1210 Perhoc
347 1161 432 1221 ipsum
447 1160 551 1217 autem,
565 1156 633 1218 queo
646 1156 715 1206 solus
733 1168 798 1219 pon·
855 1160 883 1210 8.
898 1161 957 1210 iioo
968 1155 1143 1222 significante
1161 1153 1243 1219 spiriu
1290 1199 1291 1210 2

198 1229 259 1280 iiier
274 1231 408 1281 insaucia
428 1233 574 1279 sanctorum
595 1227 797 1289 ingrediebatur,
821 1241 933 1298 sanem,
947 1231 1075 1285 nondum
1096 1230 1244 1297 propalatam

199 1300 304 1363 mystice
315 1298 471 1361 significabat
482 1298 589 1360 Spiritus
602 1299 719 1351 sanctus.
734 1308 800 1346 non·
821 1327 882 1366 esse
895 1317 1054 1364 sancporum
1066 1309 1159 1371 viam,
1172 1305 1244 1358 adhuc

198 1368 261 1417 uum
271 1373 385 1431 tempore
399 1369 460 1430 legis
477 1367 592 1418 Moesica
611 1364 797 1414 maniiestatam
821 1393 915 1458 priore
940 1389 1122 1442 tabernaculo
1147 1386 1245 1437 hamme
1290 1431 1291 1434 Ἴ

199 1451 252 1487 esse
269 1441 322 1487 veri
343 1438 429 1488 Sancti
447 1441 611 1496 sanctorum,
626 1435 722 1484 scillcet
742 1436 798 1485 eoeli

199 1507 284 1563 viam,
309 1501 391 1555 stante
414 1504 498 1554 adhuc
520 1503 592 1566 legali
613 1501 754 1552 sacerdotio
774 1507 799 1551 et

199 1574 291 1624 Christi
306 1573 481 1636 pontificatum
497 1576 663 1634 exspectante.

229 1643 261 1691 iit
275 1642 392 1692 hocerat
408 1642 485 1690 etiam
499 1642 583 1702 imago
597 1639 667 1688 iliius
679 1642 800 1702 temporis
859 1645 886 1695 9.
896 1643 962 1704 Quae
969 1639 1246 1706 parabolaestierupo

823 1475 935 1522 statum.
1290 1449 1291 1532 i

199 1808 381 1859 sacrificiorum
392 1809 578 1858 consummatio
585 1828 597 1868 ·,
606 1807 667 1858 bino
679 1807 745 1858 bene
759 1807 946 1870 tumificiorom
958 1807 1047 1868 officio
1059 1809 1246 1859 consummacio-

200 1880 254 1928 iiiia
270 1884 324 1928 erat
340 1881 480 1936 matutina,
492 1877 542 1926 alia
558 1879 710 1940 vespertina.

228 1946 355 1998 Sacrificia
374 1952 481 1996 cruenta
497 1945 592 1995 flebant
611 1949 639 1998 in
652 1948 717 1997 atrio
737 1946 894 1998 tabernaculi
911 1945 953 1995 ubi
972 1949 1027 1996 erat
1044 1945 1127 1996 altare
1139 1943 1248 1996 boiooaus

200 2024 300 2074 torum,
314 2015 345 2064 de
361 2028 411 2076 quo
424 2015 536 2076 loquitur
552 2015 693 2077 Apostolus.
1196 2029 1198 2034 ·

201 2170 207 2179 .
228 2103 253 2147 t.
265 2097 295 2180 io
309 2099 415 2148 secundo
427 2103 520 2148 ouum.
535 2095 578 2146 Gr.
590 2099 617 2146 in
633 2102 719 2148 autem
736 2097 885 2148 secundum.
896 2097 952 2160 Syr.
964 2098 991 2146 in
1003 2089 1248 2148 tabernaculantes

202 2172 314 2292 tntsegsstesl.
324 2243 352 2290 in
367 2255 448 2302 emto,
459 2241 486 2292 id
498 2245 551 2301 est,
565 2254 617 2293 uno
632 2241 733 2292 tautum
749 2241 790 2291 die
803 2244 846 2302 oui
859 2246 913 2290 erat
923 2241 977 2290 dies
986 2244 1139 2304 expiationis
1152 2245 1175 2290 et
1189 2238 1249 2302 poci-

199 2314 284 2359 tentiae
300 2309 423 2370 generalis
437 2309 506 2372 apud
526 2309 625 2362 iudaeos
643 2331 649 2360 ι
665 2311 712 2360 boc
732 2315 819 2360 autem
839 2311 879 2360 die
899 2309 993 2372 pluries
1011 2312 1126 2360 intrabat
1147 2314 1171 2358 et
1188 2306 1250 2358 exibat

200 2378 333 2442 peragendi
347 2379 481 2430 ministerii
493 2381 532 2428 sui
545 2382 631 2430 causi.

201 2454 306 2586 cal{ollares
317 2452 441 2516 pontifex,
456 2453 482 2502 id
498 2458 552 2514 est,
567 2467 684 2508 summus
703 2454 818 2506 sacerdos
835 2474 841 2501 ι
857 2467 908 2516 quo
926 2457 994 2514 ritu,
1009 2454 1131 2506 videatur
1147 2456 1173 2503 in
1188 2453 1249 2501 lesit.

230 2599 286 2647 Non
299 2598 354 2648 eoo
367 2600 504 2660 canocice,
517 2597 613 2650 scilicet
623 2596 698 2647 vituli
709 2601 735 2646 et
745 2597 826 2659 birci,
837 2598 868 2648 de
881 2611 931 2660 quo
942 2598 999 2648 viiie
1010 2599 1094 2648 Lecti.
1110 2604 1147 2648 te.

232 2675 311 2732 Quem
326 2675 398 2735 offert
416 2687 464 2735 pro
482 2687 539 2722 suo.
557 2672 600 2723 Gr.
618 2675 658 2722 sui
679 2675 759 2736 ipsius
774 2679 797 2722 et
811 2673 903 2736 popuii
919 2673 1091 2735 samonio,
1115 2673 1142 2724 ui
1156 2677 1205 2734 est,
1219 2681 1252 2732 pro

201 2745 254 2792 suis
270 2747 295 2790 et
309 2755 354 2804 pro
372 2742 458 2805 popuii
471 2743 589 2804 peccatis.
692 2798 694 2804 ¹

230 2811 320 2862 Omnia
331 2817 433 2874 peccata
446 2815 507 2861 sunt
523 2813 679 2873 ignorantie.

229 2880 277 2930 Pro
292 2881 383 2930 suiset
398 2892 450 2930 sua
468 2880 570 2930 tamilla
585 2881 695 2942 peccatis
714 2879 853 2932 vitulinum
872 2883 1023 2942 sauguinem
1042 2882 1183 2940 offerebat,
1194 2878 1253 2928 hirci·

194 2963 265 3000 ¹nuru
276 2963 322 3011 pro
338 2950 424 3013 populi
435 2953 560 3012 peccatis,
573 2952 652 3002 bevit.
665 2953 707 3011 16,
720 2964 747 3000 n.
762 2957 799 3012 tt.

232 3037 255 3082 8.
281 3033 333 3081 Huc
358 3031 513 3095 siooiiieonto
529 3034 631 3096 Spiritu
649 3039 774 3085 saneto...
796 3033 858 3097 Syn·
870 3047 914 3098 per
931 3035 979 3084 boe
997 3039 1087 3084 autem
1106 3030 1252 3098 patciaciebut
1290 3063 1291 3070 κ

201 3101 310 3163 Spiritus
320 3105 423 3152 sanctus
438 3101 553 3152 nondum
566 3102 703 3152 revelatam
720 3115 773 3152 esse
784 3105 855 3152 viam
866 3108 1024 3153 sanctorum.
1057 3108 1059 3114 '

224 3170 344 3234 Explicat
353 3183 409 3232 qua
419 3171 482 3221 dixit
495 3172 525 3221 de
539 3175 631 3222 veteris
643 3173 796 3224 Testamenti
812 3172 948 3234 reiigione,
958 3177 983 3221 et
994 3185 1025 3221 ex
1037 3175 1152 3235 ipsamet
1165 3168 1253 3223 ostendii

129 3299 134 3310 x
200 3241 277 3302 buius
292 3241 445 3292 Testamenti
463 3240 682 3301 insufficientiam,
694 3243 767 3302 quusi
782 3240 871 3292 dieat:
1290 3269 1291 3280 κ

229 3313 276 3362 Per
289 3311 338 3361 boc
349 3313 448 3374 ipsum,
463 3310 531 3372 quod
547 3312 575 3360 in
590 3311 681 3361 Saucia
696 3316 843 3362 sanctorum
860 3310 929 3360 solus
945 3310 1058 3374 pontifex
1072 3327 1136 3362 curn
1152 3311 1255 3372 sangiune
1290 3295 1291 3352 i

199 3381 277 3432 semei
290 3380 417 3440 intrabat,
429 3379 537 3443 Spiritus
547 3384 650 3430 sauctus
662 3380 769 3442 mystice
786 3377 956 3442 significabat,
1290 3353 1291 3434 i

230 3457 318 3506 Adbuc
334 3457 420 3518 priore
436 3453 597 3504 tabernaculo
613 3453 716 3503 bobeote
732 3460 841 3513 statum,
854 3454 880 3504 id
893 3460 946 3515 est,
963 3454 1073 3504 durante
1094 3455 1171 3518 legali
1188 3463 1256 3504 sacer·
1290 3489 1291 3492 ,

201 3525 283 3585 dotio,
294 3529 319 3574 et
332 3525 386 3586 iege
396 3523 505 3574 Mosaica
521 3523 604 3574 adhuc
617 3528 715 3584 stante,
727 3525 754 3570 in
766 3535 811 3572 suo
822 3522 926 3583 robore,

232 3601 346 3648 Nondum
360 3599 523 3661 propalatum
537 3611 601 3655 esse,
613 3597 638 3645 id
652 3603 705 3657 est,
719 3597 832 3647 nondum
847 3597 1034 3648 manifestatam
1046 3609 1102 3646 esse
1120 3600 1174 3648 veri
1187 3596 1254 3646 Sutrii

201 3672 367 3726 sauctorum.
388 3665 444 3716 coit
467 3665 564 3716 scilicet
585 3668 673 3726 viam3
693 3669 753 3727 quia
778 3666 893 3714 nondum
914 3667 1080 3728 praedicatum
1106 3666 1257 3727 Evangeiium

202 3735 308 3795 Christi,
321 3737 365 3796 qui
381 3735 422 3783 vla
432 3771 439 3794 ,
450 3737 543 3784 veritas
557 3739 582 3783 et
595 3735 664 3793 vita,
678 3734 750 3783 ioan.
769 3737 814 3793 ti,
828 3749 854 3784 n.
871 3738 895 3783 6.

231 3805 330 3854 cbristo
339 3806 478 3864 moriente,
488 3805 573 3854 velum
587 3804 674 3866 tempii
690 3807 797 3854 scissum
810 3810 847 3856 eet
856 3842 863 3865 ‚
873 3805 932 3866 quia
946 3809 1008 3854 tuce
1022 3803 1134 3868 colum,
1149 3806 1256 3855 hactenus

204 3872 319 3921 clausum
331 3909 337 3933 ,
349 3877 465 3934 apertum
481 3873 538 3922 fuit.

237 3957 262 4004 ii.
277 3954 336 4012 Quo
349 3953 476 4014 paroecia
486 3961 519 4003 cri
533 3957 650 4018 temporis
661 3959 784 4008 traiectis.
799 3956 841 4006 Gr.
852 3968 907 4018 outo
921 3955 1038 4019 parabola
1050 3958 1075 4006 iu
1093 3960 1196 4020 tempus
1206 3959 1255 4016 pr&
