2622 4552
181 267 235 319 too
475 263 675 318 EPISTOLAE
694 265 742 316 AD
760 253 948 317 HEBRAEOS

180 345 270 407 bemus
279 358 304 407 et
314 356 444 408 victimam
454 395 461 417 ,
472 360 545 420 cujus
556 371 599 410 esu
611 369 654 408 eor
665 360 781 407 nostrum
805 364 903 423 tatem,
926 357 975 426 qui
994 355 1166 411 tabernaculo
1187 357 1231 412 ds-

180 427 260 487 gratia
279 426 322 475 liei
336 425 439 476 fulcitur
449 445 456 486 ;
468 429 494 475 at
507 439 584 488 quam
596 425 782 488 judaizantibus
805 437 940 490 serviunt,

181 500 205 546 et
216 495 337 558 legalibus
347 495 505 546 tabernaculi
523 497 647 546 ministris
659 494 782 572 nonlicet

182 565 344 685 coffoegemelrd
360 634 496 696 agitatum
515 632 564 684 iult
582 632 626 684 tiit
640 631 782 684 ceremonld
839 639 884 688 Μ,
905 635 1030 698 Quor-um
1048 632 1121 687 enim
1139 631 1230 684 anima·

181 702 246 764 qut,
262 705 333 764 Juxta
348 703 410 766 legis
429 707 623 767 prescriptum,
641 714 687 752 nec
701 713 782 751 sacer-
805 713 874 765 pum
901 711 1019 765 infertur
1050 710 1158 778 sanguis
1187 723 1229 776 pro

181 773 225 822 dos
249 773 351 834 legalis,
375 786 422 824 nec
442 774 552 838 populus
568 771 732 823 comedebant
752 769 782 819 de
805 797 921 857 peccato
935 790 964 842 in
978 791 1080 843 sancta
1095 801 1143 855 pgr
1154 788 1231 854 p0nq.

180 841 262 891 hostia
275 843 412 904 expiatoria
420 839 679 904 peccatorumrvltull
688 841 781 888 etenim
807 868 901 932 ficem,
923 866 1025 920 horum
1047 878 1161 932 corpora
1180 878 1230 918 cpe.

181 913 206 958 ct
214 910 277 959 hirci
290 923 399 971 quorum
410 913 559 972 sanguinem
570 921 686 958 summus
697 919 782 957 sacer-

181 977 225 1026 dos
250 979 277 1026 in
298 977 389 1027 Sancta
413 981 558 1028 sanctorum
580 975 719 1036 inferebat,
736 987 782 1037 pro

181 1061 286 1097 suorum
308 1053 333 1096 et
350 1045 436 1109 populi
448 1049 610 1108 pcccatorum
623 1047 763 1110 expiatione
774 1065 782 1107 ς

181 1115 273 1165 borum
293 1117 415 1176 inquam,
438 1113 589 1163 animalium
609 1127 698 1164 carnes
713 1116 781 1164 extra

181 1189 262 1233 castra
276 1184 468 1242 cremabantur,
487 1187 512 1232 et
532 1182 563 1232 ds
577 1184 614 1232 eis
632 1193 680 1232 nec
699 1193 781 1232 sacer·

182 1255 242 1316 dos,
257 1267 303 1305 nec
321 1253 429 1317 populus
445 1252 541 1302 edebat.

806 951 919 1000 mantur
934 950 1011 998 extra
1022 950 1121 998 castra.

212 1429 344 1479 cornelius
355 1428 487 1492 dilapido,
499 1428 647 1480 llenocbius
657 1465 664 1488 ,
675 1429 799 1490 lucinus,
809 1431 913 1478 censent
926 1439 979 1477 esse
993 1426 1133 1476 seeundum
1143 1463 1151 1486 ‚
1161 1426 1189 1476 de
1197 1426 1232 1474 ari

183 1497 360 1548 eucharistici.

213 1565 335 1626 Gagnaeus
346 1569 482 1628 utrumque
493 1569 579 1630 jungit
591 1570 617 1617 et
628 1565 799 1628 amplectitur.

156 1693 159 1700 ,
214 1641 357 1699 Habemus,
369 1642 466 1702 lnquit,
479 1642 575 1698 ultore,
587 1640 613 1689 id
632 1644 683 1699 est,
698 1640 808 1690 bostiam
826 1643 854 1690 ln
866 1653 910 1690 ara
928 1641 1011 1690 crucis
1023 1637 1147 1699 oblatam,
1163 1642 1232 1701 ipsum

182 1708 279 1758 scilicet
287 1708 380 1759 Clirlstl
388 1722 489 1772 corpus,
498 1711 527 1760 de
538 1724 587 1771 quo
597 1709 668 1758 edere
676 1723 726 1758 uon
736 1716 839 1771 poscunt
850 1711 895 1772 qui
905 1709 1067 1759 tabernaculo
1077 1710 1232 1758 densium...

213 1778 270 1827 llaec
285 1783 323 1829 est
337 1791 396 1828 vera
412 1779 494 1829 hostia
510 1791 555 1840 per
570 1790 647 1840 quam
663 1779 855 1829 sanctificantur
873 1781 899 1828 et
917 1778 948 1828 de
967 1789 1017 1840 qua
1041 1777 1200 1838 spiritualiter
1214 1781 1233 1822 rt

184 1847 397 1898 sacramentaliter
408 1851 476 1898 vesci
492 1852 597 1912 possunt
606 1849 752 1908 quicunque
762 1849 789 1896 ln
802 1861 862 1898 eum
873 1847 978 1896 credunt
989 1867 996 1907 ;
1007 1858 1060 1895 nou
1073 1848 1118 1907 qul
1129 1846 1233 1896 ilducirn

185 1919 213 1966 in
231 1919 309 1966 veteri
325 1918 378 1979 lege
392 1918 529 1977 habentes,
540 1919 617 1968 ueteri
630 1917 791 1967 tabernaculo
803 1918 950 1968 demetunt.
962 1917 999 1965 lta
1012 1915 1092 1977 Gagn.
1170 1915 1173 1920 '

212 1985 325 2046 Revera,
345 1988 404 2037 crim
427 1990 559 2048 utriusque
578 1987 664 2036 altaris
683 1987 770 2036 cadem
790 1989 822 2036 sit
841 1987 940 2046 hostia,
961 1990 986 2036 ct
1005 1984 1110 2034 aliunde
1129 1986 1234 2035 comestio

183 2055 350 2106 eucharistica
372 2059 406 2108 sit
428 2058 590 2116 communio,
610 2057 788 2118 participatio,
808 2057 929 2106 comestio
949 2053 1038 2103 hostias
1057 2056 1085 2103 in
1109 2065 1182 2103 cruce
1198 2065 1234 2114 pro

181 2125 254 2174 nobis
271 2126 422 2187 immolate,
440 2128 521 2188 potest
538 2125 567 2174 ll.
584 2123 677 2175 Paulus
691 2129 828 2185 utrumque
847 2123 927 2174 altars
946 2124 1083 2184 cogitasse,
1103 2122 1158 2173 lraec
1172 2122 1234 2171 verba
1296 2143 1297 2148 κ

182 2193 283 2254 dicens,
297 2195 417 2245 babemus
433 2195 523 2246 altore.
1296 2191 1297 2239 l

211 2262 321 2312 Verbum
335 2267 422 2312 tamea
438 2263 469 2313 de
488 2265 623 2325 presenti,
639 2263 771 2321 babemus,
786 2261 925 2324 expressius
945 2260 1071 2323 significat
1091 2259 1157 2310 illud
1169 2260 1234 2310 altare

182 2333 254 2391 cujus
267 2343 376 2392 presens
388 2333 421 2381 sit
433 2345 494 2381 usus
506 2333 534 2381 ln
547 2332 631 2393 aliquo
642 2331 761 2382 Ecclesia
773 2331 917 2380 christiane
929 2329 1062 2380 sacrificio.
1152 2371 1159 2385 .

211 2398 243 2447 lit
256 2397 318 2448 hinc
336 2402 491 2461 antiquiores
509 2401 583 2450 multi
599 2401 652 2450 brac
671 2401 700 2450 ll.
720 2400 792 2450 Pauli
806 2400 881 2450 rerba
896 2399 1075 2449 intellexerunt
1087 2397 1120 2448 dc
1133 2398 1233 2448 altariis

181 2480 231 2529 quo
248 2479 318 2516 nunc
334 2466 464 2533 offerimus
482 2467 636 2517 sacrificium
654 2467 770 2531 Corporis
788 2472 814 2517 et
832 2467 966 2529 Sanguinis
983 2467 1096 2528 Christi,
1113 2480 1159 2530 pro
1174 2468 1233 2516 nobis
1295 2437 1296 2503 l

182 2533 243 2584 olim
257 2538 285 2584 ln
299 2547 374 2585 cruce
386 2533 521 2584 immolati.
1189 2527 1199 2544 “

211 2604 303 2664 Porro,
316 2603 368 2655 baec
380 2604 553 2665 antiquiorum
574 2606 695 2667 expositio
706 2641 713 2666 ‚
724 2607 771 2654 etsl
787 2616 839 2654 uon
859 2604 923 2655 ioret
937 2604 970 2653 ad
985 2603 1100 2653 illasii
1117 2609 1232 2658 mentem,

181 2673 290 2724 multllm
302 2677 387 2724 tamen
398 2674 528 2725 hereticos
544 2678 683 2737 premeret;
698 2687 726 2722 ex
738 2687 766 2724 ea
781 2676 848 2723 enim
865 2673 1027 2722 manifestum
1039 2677 1078 2722 est
1098 2674 1166 2736 quod
1178 2687 1233 2736 mys·

181 2744 262 2793 ticum
272 2742 365 2793 Christi
376 2742 528 2793 sacrificium
541 2747 566 2792 ct
578 2741 785 2792 sacrificatorium
796 2741 965 2803 agnoscebant
974 2744 1000 2790 ln
1012 2741 1182 2796 liucbaristla.

213 2828 250 2874 11.
266 2826 379 2885 Quorum
395 2827 460 2876 enim
472 2824 625 2876 animalium
636 2823 744 2887 insutus·
752 2813 871 2886 'sanquis
884 2823 939 2883 syr.
952 2823 1078 2884 siquidem
1095 2825 1231 2875 animalium

181 2891 295 2951 illorum,
307 2903 416 2953 quorum
425 2893 548 2942 interebat
558 2893 707 2953 sanguinem
717 2905 833 2941 summus
846 2892 956 2955 pontifex
971 2894 999 2942 ln
1012 2896 1186 2944 sanctuarium
1196 2906 1231 2956 pro

181 2962 373 3023 pcccatis,caro
384 2961 591 3010 concremabatur
607 2963 675 3010 extra
688 2963 779 3010 castra.
1293 2993 1294 3027 p

212 3025 323 3078 Probata
333 3027 461 3090 Synagoga
472 3029 615 3080 exeundum
625 3067 631 3089 ‚
641 3032 669 3078 ut
680 3031 737 3092 quis
744 3029 788 3080 tiat
797 3031 922 3091 particeps
933 3027 1064 3088 sacrificii,
1077 3043 1124 3079 seu
1137 3033 1230 3086 cruenti,

181 3107 226 3146 scu
243 3099 369 3146 incruenti
379 3097 471 3148 Christi
482 3118 489 3158 ς
501 3099 575 3161 idque
594 3099 684 3161 probat
697 3099 845 3148 ceremonia
857 3101 871 3147 a
882 3098 965 3158 Moyse
978 3097 1097 3149 ordinata
1112 3103 1141 3151 in
1158 3104 1231 3163 expia-

181 3167 256 3216 tionis
266 3165 386 3216 sacrificio
397 3186 404 3216 c
415 3168 482 3230 quod
497 3168 652 3217 sacrillclum
667 3171 721 3217 erat
733 3168 812 3229 ligura
824 3167 939 3216 sacritlcii
952 3166 1056 3217 Christi.

214 3239 327 3298 Quorum
338 3241 402 3290 euim
417 3243 599 3292 animalium...
613 3241 639 3290 ld
649 3245 702 3304 est,
713 3241 787 3290 vituli
798 3240 910 3299 ethinci,
922 3251 1030 3302 quorum
1043 3246 1147 3304 sanguis
1160 3247 1230 3306 expia·
1292 3219 1293 3289 l

180 3311 260 3358 torius
269 3312 430 3371 peccatorum
438 3315 494 3360 tum
506 3311 643 3373 pontilicis,
653 3315 709 3359 tum
719 3308 805 3373 populi
815 3346 822 3369 ‚
833 3309 941 3373 insertur
953 3311 981 3357 s'u
993 3311 1230 3364 sanctasanctorum

181 3377 532 3439 persummumliontillccm.
1006 3403 1009 3410 ⁴

211 3453 308 3500 Horum
321 3463 429 3512 corporo
444 3456 586 3502 cremantur
604 3452 632 3500 ln
651 3451 847 3509 holocaustum,
865 3454 889 3500 et
909 3450 939 3499 de
955 3462 1044 3501 eoram
1065 3457 1229 3505 carnibusncc

181 3517 337 3578 sacerdotes,
347 3529 394 3569 nec
408 3517 516 3583 populus
530 3518 702 3569 comedebant.

211 3595 290 3641 detra
306 3599 397 3643 castro.

210 3659 313 3719 Quando
324 3659 436 3709 solemne
447 3660 495 3710 hoc
506 3663 654 3723 expiationis
668 3663 822 3712 sacrificium
838 3664 983 3712 institutum
1002 3667 1056 3723 est,
1073 3665 1180 3728 populus
1194 3666 1228 3714 bu

184 3727 271 3787 agebat
282 3728 308 3774 ln
322 3725 433 3790 deserto,
444 3729 486 3777 ubl
499 3735 579 3778 castra
592 3735 664 3780 erant
677 3731 713 3778 illi
723 3732 791 3780 urbis
802 3731 930 3791 vice,imd
944 3732 1002 3780 urbs
1013 3733 1133 3792 quaedam
1143 3733 1228 3782 mobilis

183 3799 207 3842 ct
220 3793 350 3843 ambulans
362 3807 406 3857 per
417 3796 563 3856 desertum,
572 3799 598 3847 ln
610 3801 683 3859 cujus
696 3799 778 3849 medio
790 3805 843 3850 erut
854 3799 1055 3849 tabernaculum.

213 3861 277 3908 ilinc
291 3861 384 3912 dicitur
400 3869 469 3913 estro
487 3872 578 3916 cestro.

213 3927 337 3988 Quidquid
346 3935 431 3980 autem
439 3937 501 3982 tunc
510 3946 559 3983 non
569 3935 639 3985 licuit
651 3938 819 3997 intrassetis,
829 3942 913 4002 postca
921 3950 971 3986 non
979 3936 1054 3988 licuit
1063 3943 1132 3992 intra
1143 3943 1225 3991 urbrut.
