2670 4542
214 271 250 321 66
408 267 538 318 PRlblAE
557 267 762 320 EPISTOLAE
781 265 830 316 Ab
849 258 1081 341 elucidabit

204 405 211 418 ,
242 357 371 409 concludo
384 357 534 421 simpliciter
556 363 582 409 et
598 359 630 410 ad
649 359 760 410 litteram
772 356 928 408 credendum
941 368 995 406 esse
1010 355 1041 405 li.
1054 353 1147 414 Paulo,
1159 351 1282 404 Gentium

211 427 346 490 apostolo,
365 429 531 489 veritatisque
541 427 655 486 doctori,
668 426 806 478 formaliter
821 430 847 474 et
862 424 975 487 expresse
990 424 1100 474 maenti:

242 500 373 552 Deuseult
390 515 474 552 omues
487 502 598 552 homiues
607 502 691 552 aulooe
702 501 768 564 fieri.

242 571 401 621 Credendum
415 575 440 623 et
455 572 483 622 ll.
503 571 576 622 Petro
587 609 594 632 ‚
606 571 784 634 Apostolorum
797 571 923 632 principi,
939 567 1057 620 llccleslu
1068 567 1236 618 fundamento
1256 569 1282 616 et

211 641 325 690 veritatis
335 640 478 702 columnae,
491 639 653 691 confirmanti
668 639 776 690 Paulum
788 642 813 688 et
826 640 898 699 quasi
907 636 1051 699 explicanti.

242 731 308 778 Deua
316 728 371 778 uult
383 741 465 779 omues
477 727 587 779 homines
597 727 681 778 saluos
690 727 747 786 lieri
754 763 761 782 ,
775 727 812 774 eit
825 724 926 774 Paulus.

182 843 186 850 ·
242 815 331 866 doum
341 815 441 878 aliquos
453 815 552 878 perire,
569 815 612 864 sed
631 827 714 864 omncs
726 814 761 862 cd
771 812 942 874 penitentium
955 811 1046 862 reuerti
1056 848 1064 867 ,
1074 812 1110 860 ait
1121 809 1150 859 b.
1160 807 1228 858 Petr.
1242 819 1281 858 se·

212 885 303 936 eundae
314 887 388 950 epist.
400 899 456 948 cap.
470 889 493 946 a,
510 899 538 936 n.
546 889 571 936 9.

118 997 129 1015 ,
241 955 307 1006 llcce
318 956 450 1004 veritatem
460 953 576 1004 eumdem
586 989 594 1014 ,
604 951 819 1016 propositionibus
835 951 905 1014 aque
925 947 1125 1007 universalibus,
1138 951 1197 996 tum
1214 945 1280 996 affir-

211 1024 329 1081 mativis,
341 1026 397 1070 tum
409 1021 548 1082 negativis,
560 1021 575 1069 a
587 1019 685 1069 duobus
696 1020 830 1083 praecipuls
841 1016 965 1082 Apostolls
973 1015 1112 1067 formaliter
1125 1027 1278 1078 expressam,

212 1096 237 1139 et
254 1089 342 1140 multis
354 1091 368 1138 d
381 1089 411 1138 b.
424 1089 501 1138 Paulo
518 1089 659 1138 rationibus
672 1089 803 1151 probatam
813 1125 820 1145 .
830 1101 857 1137 n.
873 1090 925 1136 bet
943 1090 967 1136 6.

242 1158 335 1220 utquid
349 1157 515 1209 dubitamus?

243 1227 320 1288 Quia,
329 1229 415 1288 inquis
423 1264 432 1288 ,
439 1239 538 1288 magne
548 1227 609 1277 hinc
621 1225 779 1277 difficultates
790 1227 917 1276 oriuntur.

242 1295 331 1346 Fateor
344 1314 351 1345 a
366 1295 407 1344 sed
422 1295 522 1357 primd,
540 1307 573 1344 an
585 1296 696 1344 minores
710 1295 827 1344 oriuntur
842 1306 872 1342 ex
882 1291 960 1352 butus
970 1291 1084 1340 veritatis
1097 1291 1233 1353 opposito?

242 1362 376 1424 Secundo,
398 1377 431 1414 arr
448 1369 549 1427 propter
565 1362 725 1412 difficultates
745 1374 774 1411 ex
787 1361 871 1423 abund
886 1363 991 1410 vertute
1007 1364 1154 1414 nascentes.
1173 1359 1232 1408 licet
1247 1359 1278 1407 de

212 1424 299 1482 eidem
311 1434 416 1484 veritate
427 1431 567 1482 formaliter
580 1435 605 1481 et
616 1431 730 1494 expresse
741 1423 851 1480 revelata
862 1428 998 1478 dubitaret

241 1503 324 1563 Quot,
342 1513 442 1563 nauso,
455 1501 613 1550 difficultates
632 1511 662 1548 ex
682 1501 802 1560 mysterio
820 1499 985 1548 sanctissima
1006 1496 1154 1547 'trinitatisi
1166 1501 1228 1558 quot
1248 1509 1278 1545 ex

211 1572 331 1632 mysterio
350 1571 516 1619 sanctissimas
527 1569 725 1618 incarnationis!
736 1579 766 1616 ex
780 1568 900 1629 mysterio
912 1567 1077 1614 sanctissime
1090 1564 1277 1616 Eucharistiae.o

242 1639 291 1687 iias
305 1649 396 1688 omues
416 1649 580 1700 superamus,
595 1638 656 1698 quia
670 1636 725 1686 haec
737 1637 857 1697 mysteria
871 1633 1010 1684 formaliter
1025 1637 1051 1683 in
1063 1634 1203 1696 Scripturis
1218 1641 1277 1684 sum

211 1707 330 1756 revelata.

241 1777 282 1826 Sic
303 1780 328 1825 et
345 1775 495 1838 superandae
511 1773 672 1824 diiiicultates
688 1785 718 1824 er
735 1773 783 1824 iac
798 1776 904 1822 veritate
920 1777 1067 1831 nascentes,
1079 1773 1139 1833 qula
1158 1775 1213 1835 ipsa
1233 1787 1276 1822 ex-

215 1844 300 1906 presse
312 1845 431 1896 revelata.

241 1913 274 1964 lit
285 1913 361 1976 sane,
373 1913 434 1963 licdt
446 1911 631 1963 inextricabiles
646 1925 676 1962 ex
694 1913 723 1962 ed
737 1911 896 1962 difficultates
906 1914 1048 1970 orirentur,
1062 1909 1167 1961 mallem
1182 1914 1275 1974 ingenii

210 1985 260 2032 mci
273 1981 473 2032 imbecillitatem
487 1981 559 2032 fateri
571 1981 579 2046 (
589 1995 645 2043 qua
663 1981 756 2030 divinas
774 1979 910 2032 voluntatis
922 1979 1117 2029 immensitatem
1130 1993 1184 2030 non
1196 1986 1275 2044 potest

210 2053 350 2114 attingere,
364 2051 446 2102 multb
458 2052 544 2101 minus
556 2048 782 2114 comprehendere)
796 2049 872 2110 qnam
884 2049 1016 2098 veritatem
1028 2050 1062 2098 lta
1078 2048 1219 2100 formaliter
1232 2063 1274 2100 ex-

210 2133 322 2182 pressam
334 2123 359 2171 et
370 2121 500 2184 probatam
510 2119 525 2169 d
536 2120 565 2169 li.
581 2118 673 2180 Paulo,
686 2123 711 2168 et
721 2118 897 2169 confirmatam
908 2118 923 2166 i
933 2117 963 2165 li.
977 2117 1049 2166 Petro
1059 2154 1066 2177 ,
1078 2121 1123 2166 aut
1134 2117 1273 2183 denegare,

210 2195 255 2238 aut
267 2191 357 2240 alienis
367 2189 616 2253 interpretationibus
628 2186 785 2250 detorquere.

240 2258 288 2308 Sed
306 2271 358 2308 non
370 2263 430 2308 sunt
441 2257 588 2319 hujusmodi
600 2256 759 2306 difficultates
773 2270 829 2318 qua
847 2257 891 2308 hlc
901 2259 1003 2319 possent
1018 2255 1093 2319 objici
1103 2296 1111 2320 ,
1123 2265 1149 2308 et
1161 2273 1225 2322 quas
1237 2266 1275 2311 ta·

209 2340 269 2376 men
288 2327 445 2377 scholasticis
456 2327 573 2387 relinquo
589 2325 720 2375 solvendas
737 2344 743 2375 e
761 2328 820 2388 quia
839 2326 883 2376 blc
898 2325 969 2376 locus
984 2331 1089 2388 nonest
1109 2327 1273 2392 disputandi,

210 2395 253 2444 sed
266 2399 379 2446 mentem
389 2395 420 2445 b.
434 2394 505 2445 Pauli
515 2396 543 2444 in
556 2396 608 2444 suls
621 2395 704 2444 verbis
715 2394 875 2458 agnoscendi.

240 2465 413 2526 ignoscamus
435 2465 520 2525 ltaque
537 2465 688 2523 aestimem,
704 2467 794 2527 etipsa
813 2465 877 2516 bene
888 2469 948 2515 nota
965 2466 1144 2517 difficultatum
1158 2471 1274 2520 tenebras

209 2532 356 2596 dissipabit,
367 2531 522 2595 modumque
538 2533 610 2582 nobis
626 2531 746 2596 prebebit
765 2535 898 2582 veritatem
910 2545 971 2583 cum
990 2536 1096 2584 veritate
1109 2537 1273 2588 concidendi.

239 2619 383 2670 Vearrarss
404 2631 430 2668 rra
444 2631 532 2670 sanari
555 2631 629 2669 raum
646 2632 738 2670 vareis
754 2631 876 2670 ructuas.
895 2643 928 2656 -
941 2619 1024 2670 Prima
1036 2623 1122 2676 itaaue
1140 2627 1235 2676 veritas
1247 2630 1270 2676 in

208 2690 291 2739 verbis
303 2689 333 2740 ll.
347 2689 417 2739 Pauli
431 2689 503 2738 nobis
513 2689 622 2738 revelata
634 2689 688 2740 buc
699 2693 737 2739 est
749 2709 759 2740 e

237 2759 320 2820 beas,
332 2763 419 2822 utpote
429 2759 546 2808 omnium
559 2758 696 2810 bominum
707 2762 820 2818 creator.
832 2759 929 2809 sincere
945 2764 970 2809 et
985 2760 1050 2810 serio
1063 2761 1119 2811 uult
1133 2777 1217 2814 omues
1227 2767 1266 2814 bo-

119 2851 123 2858 ·
208 2830 286 2878 mines
298 2827 381 2878 soloce
391 2827 459 2889 fieri.
487 2865 491 2874 ,

238 2896 370 2956 monada,
393 2895 459 2945 Deus
471 2897 587 2946 omnium
599 2897 735 2946 bominum
746 2900 857 2956 creator,
870 2899 904 2946 itu
921 2896 986 2946 serio
998 2900 1023 2945 et
1033 2901 1131 2950 sincere
1147 2901 1203 2952 vult
1216 2917 1271 2952 om-

171 3027 178 3038 ·
208 2966 282 3015 ulum
304 2964 439 3014 hominum
459 2963 627 3025 salutem,ut
646 2970 777 3027 propterca
795 2965 887 3016 Filium
905 2979 981 3016 suum
1003 2968 1164 3030 unigenitum
1187 2971 1269 3022 lesum

208 3033 354 3093 Christum,
365 3032 445 3082 ileum
461 3037 486 3082 et
501 3033 632 3084 hominem
641 3071 648 3092 ‚
657 3036 693 3084 eis
705 3035 824 3086 omnibus
835 3034 932 3086 dederIt
943 3034 1031 3085 salutis
1048 3036 1225 3092 mediatorem.

238 3102 322 3150 Tertia
335 3135 343 3160 ,
354 3099 426 3150 lesus
444 3099 575 3161 Christus,
586 3099 665 3151 Filius
678 3102 721 3152 liei
732 3141 739 3164 ‚
750 3102 923 3164 tiemo-licus,
935 3103 1120 3166 hominumque
1141 3121 1201 3160 cnm
1221 3107 1269 3159 lter

207 3168 331 3219 mediator
342 3170 367 3217 et
379 3167 570 3228 reconciliator,
585 3169 619 3218 ita
632 3171 730 3221 sincere
743 3173 798 3221 rnlt
809 3173 925 3221 omnium
938 3169 1072 3221 bominum
1084 3177 1271 3230 reconciliatio·

207 3249 266 3287 nem
279 3240 305 3286 et
317 3235 441 3298 salutem,
456 3240 660 3300 etsemetipsum
675 3239 771 3290 dederit
785 3253 831 3304 pro
853 3239 969 3292 omuibus
988 3239 1142 3292 redimendis
1160 3245 1269 3298 homini-

206 3307 267 3368 bus,
280 3307 380 3368 benum
393 3304 595 3357 reconciliandis.

238 3377 331 3439 onaan
344 3377 436 3426 veritas
453 3377 479 3424 in
493 3376 693 3438 precedentibus
704 3378 823 3428 inclusa:

237 3446 282 3496 Per
303 3449 329 3496 et
347 3447 448 3508 propter
468 3443 539 3494 hunc
563 3447 679 3495 omnium
700 3447 834 3498 bominum
856 3447 1062 3512 Redemptum,
1077 3449 1144 3500 Deus
1166 3455 1269 3514 gratiam

207 3525 287 3633 suani1
287 3552 294 3575 ‚
308 3517 468 3634 sacriaimenta
481 3516 507 3562 et
518 3511 568 3564 aliu
579 3513 702 3564 mediaad
713 3515 820 3566 salutem
836 3517 975 3566 necessaria
986 3553 993 3576 ,
1005 3517 1125 3568 omnibus
1134 3519 1268 3570 subminis-

207 3585 259 3632 trat
288 3585 357 3636 omln
385 3594 424 3632 us.
1062 3587 1068 3598 ⁸

208 3667 398 3786 cumeanus
415 3682 471 3720 uec
480 3670 526 3721 lini
541 3672 801 3734 recurras-ilinc,
815 3673 847 3728 ad
858 3673 1017 3737 explicandas
1023 3677 1053 3734 vet
1066 3673 1200 3728 solvendas
1208 3675 1267 3726 diii·

241 3774 332 3865 collige
347 3805 414 3867 nubd
425 3807 480 3860 hec
498 3808 678 3863 voluntesnon
689 3809 833 3862 sitientum
845 3813 909 3874 siam
923 3815 948 3860 at
965 3816 1034 3862 extra
1047 3813 1129 3866 Deum
1140 3815 1208 3880 ,qud
1219 3818 1265 3865 sci-

209 3868 346 3988 lslgleutnisleus
364 3876 481 3926 omnibus
500 3877 644 3928 bominibus
661 3881 777 3942 proponit
794 3879 935 3931 doctrinam
952 3879 1081 3946 Evangelii
1103 3885 1129 3934 ct
1146 3889 1267 3948 precepta
