2670 4542
321 228 491 282 TRIPLEX
509 231 732 286 expositio.
751 233 834 298 QAP.
854 231 894 287 11.
1101 239 1140 290 65

79 316 147 366 nobis
163 317 370 370 concludendum
387 320 507 383 relinquit
518 322 605 385 qnid,
622 324 681 375 cum
692 324 771 376 mum
783 337 885 376 oramus
896 336 942 389 pro
960 327 1076 378 omnium
1088 327 1137 378 iro-

77 385 285 516 ἓὶῧιὲιὲἷιιιῃὶὠέὓῑξ,
299 387 392 438 divinae
405 393 467 442 tune
484 391 610 443 voluntati
628 392 834 454 conformamur,
849 394 917 458 quod
932 394 983 446 lieo
997 400 1096 458 gratum
1111 401 1137 446 ot

104 522 146 571 llis
158 525 281 574 omnibns
292 526 360 576 serio
371 531 397 578 et
408 530 506 580 sincere
521 533 637 593 attentis,
649 533 687 582 sio
703 533 857 582 ratioclnors

103 591 128 640 Si
139 591 262 642 accurate
274 591 387 655 loquitur
398 596 547 659 Apostolus,
563 600 649 662 sicque
657 598 724 649 recte
735 599 824 663 prodat
840 599 849 663 ζ
858 600 925 662 quod
934 603 963 651 in
979 601 1086 653 dublum
1096 614 1136 650 re-

76 671 162 709 vocare
182 658 272 722 netas)
291 665 345 710 tam
362 661 413 713 latd
427 668 453 713 et
468 665 643 716 universaliter
660 668 739 716 sumit
752 669 780 716 irr
798 681 826 717 n.
843 670 858 718 l
875 681 883 716 a
903 669 990 720 omisca
1007 671 1134 729 demorer,

75 727 146 788 quim
164 730 193 778 in
208 741 237 778 n.
256 729 351 791 i,late
372 735 397 780 et
411 734 587 783 universaliter
606 738 714 797 sumpsit
728 749 775 797 pro
792 735 908 786 omnibus
921 737 1074 788 dominabor.

98 795 155 845 ideo
167 799 238 846 enim
255 797 312 847 vult
327 798 461 860 Apostolus
471 815 518 862 pro
531 803 647 852 omnibus
661 803 883 854 dominicaturam
898 804 914 854 d
929 803 1062 867 ildelllius,
1076 808 1136 866 quia

76 865 137 914 lietu
147 865 204 915 uult
215 879 299 916 omnes
310 867 421 917 homines
431 869 538 920 solocra'.

102 932 174 983 Sicut
186 946 245 996 ergo
256 947 302 998 pro
311 936 431 986 omnibus
440 949 542 999 prorsus
557 937 720 1000 hominihus,
734 942 836 990 nemine
853 944 969 1004 excepto,
981 941 1053 991 nobis
1064 955 1137 991 oran·

76 1003 132 1053 dum
144 1017 199 1054 esse
210 1007 320 1054 assernit
331 1008 359 1055 in
371 1020 398 1055 n.
414 1011 436 1056 i.

101 1074 138 1122 lta
158 1078 185 1123 et
198 1077 226 1123 in
247 1087 275 1124 n.
292 1078 308 1122 4
326 1075 436 1124 aillrmat
444 1074 524 1126 Deum
536 1075 600 1126 velle
612 1089 699 1128 omnes
711 1089 813 1141 prorsus
824 1078 941 1130 homines
952 1115 960 1140 ,
971 1082 1073 1130 nemine
1091 1094 1136 1130 er-

75 1148 158 1206 oepto,
176 1143 260 1194 salros
275 1143 340 1194 fieri.

101 1213 151 1264 lloc
161 1213 417 1276 ipsum·conllrmant
427 1217 537 1265 rationes
547 1215 640 1277 ouibus
651 1229 678 1265 n.
691 1219 706 1266 5
717 1220 742 1266 et
754 1221 786 1277 tl,
802 1217 891 1280 probat
903 1218 983 1268 Deum
998 1217 1061 1269 velle
1077 1231 1134 1270 om-

74 1281 142 1330 nium
152 1281 291 1332 hominnm
303 1282 427 1344 salutem,

100 1350 245 1410 Nimirum,
257 1353 318 1412 quia
334 1353 451 1401 omnium
463 1352 599 1403 hominum
615 1353 681 1404 Deus
697 1359 750 1414 est,

102 1423 163 1481 Quia
175 1423 249 1472 lesus
262 1421 377 1473 Christus
388 1425 505 1473 omniurn
515 1423 650 1473 hominum
661 1425 783 1474 mediator
793 1428 847 1484 ests

74 1489 133 1606 hili
149 1493 212 1554 quia
231 1490 274 1540 hic
287 1490 410 1542 mediator
429 1495 513 1542 noster
532 1493 690 1554 semetipsam
705 1494 772 1542 dedit
786 1505 833 1554 pro
849 1491 965 1542 omnibus
980 1493 1133 1542 redimendis

91 1560 226 1610 ominibus.

102 1628 167 1679 Deus
183 1631 255 1679 enim
268 1630 385 1678 omnium
398 1665 405 1689 ,
419 1631 523 1679 nemine
538 1634 656 1693 excepto,
676 1635 773 1680 creator
789 1634 826 1680 est
838 1630 982 1680 hominum.

98 1697 167 1748 lesus
178 1697 297 1748 Christus
310 1699 444 1757 omnium,
459 1696 529 1747 nullo
540 1698 655 1759 excluso,
667 1699 790 1748 mediator
801 1707 839 1750 est
849 1699 993 1750 hominum.

100 1766 146 1816 Pro
161 1766 284 1816 omnibus
303 1766 473 1828 redimendis,
487 1768 589 1816 nemine
602 1773 719 1831 excepto,
736 1771 899 1832 semetipsum
918 1769 1009 1819 obtulit
1022 1769 1063 1818 liic
1078 1782 1131 1818 me·

74 1835 148 1886 dictor
159 1837 205 1886 Dei
216 1840 243 1885 et
253 1835 398 1886 hominnm.

101 1933 172 1983 Meros
181 1933 212 1982 ii.
224 1931 317 1982 Pauor.
328 1955 360 1968 —
370 1927 440 1982 llam
455 1935 539 1996 ltaque
551 1934 580 1984 it.
593 1933 663 1984 Pauli
675 1938 728 1994 est,
740 1935 808 1996 qood
817 1936 897 1995 Deus,
907 1935 1019 1984 Salvator
1030 1939 1129 1994 noster,

74 2000 128 2050 velit
150 2007 175 2050 et
189 2002 306 2050 omnium
324 2013 426 2063 prorsus
441 2001 594 2063 hominum,
611 2004 713 2052 nemine
731 2003 845 2063 secluso,
863 2003 985 2063 salntem,
1002 2002 1131 2052 voluntate

74 2069 165 2120 scilcet
177 2069 356 2130 antecedente,
376 2073 406 2119 ut
418 2071 583 2134 explienbltur
596 2070 672 2124 iniri.

98 2166 201 2216 lussmo
217 2177 269 2222 oua
285 2177 348 2216 rurs
363 2177 530 2216 nsorcrmrrnn
544 2179 801 2217 rnrnnrasrarrorsas.
812 2192 844 2202 -
855 2165 925 2216 lindc
936 2167 1016 2217 iniero
1029 2167 1131 2230 aposio-

76 2232 125 2284 lieae
142 2236 221 2284 menti
242 2247 295 2284 non
313 2237 449 2284 convenire
466 2239 518 2285 tres
531 2235 674 2297 aliquorum
691 2237 917 2300 interpretationes.

99 2303 200 2364 Primo,
213 2305 447 2366 interpretationem
457 2303 559 2354 illorum
570 2306 613 2367 qul
623 2305 712 2355 dicunt
724 2324 731 2354 ι
743 2307 809 2355 Deos
818 2305 873 2355 uolt
885 2305 968 2355 soloce
977 2305 1036 2370 fieri
1048 2320 1130 2355 amoos

75 2369 198 2431 tornines,
211 2372 303 2432 idest,
316 2374 462 2434 quicunque
472 2371 611 2423 salvantur.

99 2440 215 2490 Secundo
229 2477 236 2502 ,
251 2441 353 2490 illorum
367 2441 411 2504 oni
425 2441 535 2492 dicunt:
551 2443 617 2492 Deos
627 2443 683 2494 uolt
694 2443 793 2494 salacea·
803 2456 886 2493 omnes
899 2443 1022 2502 homines,
1037 2443 1062 2492 id
1076 2448 1128 2503 cst,

75 2511 154 2560 omnis
166 2513 266 2571 generis
281 2511 414 2573 homines,
432 2513 484 2561 sire
504 2511 583 2561 iudei
597 2516 663 2573 sint,
682 2515 735 2564 sive
756 2513 882 2574 Gentiles,
899 2515 952 2563 sire
974 2513 1062 2573 liberi,
1077 2516 1129 2562 sive

74 2581 147 2636 servi,
163 2581 217 2629 sive
231 2581 371 2642 principes,
385 2582 438 2630 sive
450 2579 560 2641 subditi,
573 2585 623 2630 etc.

100 2647 198 2708 Tertio,
218 2647 321 2698 illorum
337 2650 382 2710 qul
397 2648 505 2698 dicunt:
526 2650 592 2698 Deos
608 2649 664 2699 cult
678 2650 777 2700 eclcori
794 2662 876 2700 omnes
890 2650 1013 2706 homiues,
1032 2647 1057 2696 ld
1076 2654 1127 2708 est,

74 2716 287 2781 quamplurimos,
299 2721 389 2779 ettot,
403 2721 433 2767 nt
445 2717 529 2779 aliquo
541 2718 616 2768 modo
629 2719 679 2768 dici
694 2723 795 2781 possent
805 2731 902 2768 omnes.
1045 2755 1050 2766 ,

100 2785 142 2835 liae
153 2793 215 2845 tres,
225 2789 347 2848 inquam,
360 2788 577 2850 interpretationes
587 2786 734 2850 Apostolioae
746 2788 826 2836 menti
839 2798 891 2835 non
903 2788 1066 2845 conveniunt,
1079 2788 1127 2838 nisi

73 2869 126 2906 rere
139 2860 299 2920 supponatur
310 2859 452 2906 eommunis
464 2859 635 2920 interpretatio
651 2869 729 2919 quam
742 2868 801 2906 mox
815 2854 947 2905 attulimus
958 2854 989 2904 de
1000 2854 1127 2905 voluntate

73 2927 231 2978 commento
246 2925 361 2975 salvandi
380 2937 467 2976 omncs
484 2926 610 2976 homines.

98 2996 198 3057 Primo,
215 2997 276 3058 quia
290 2994 399 3044 limitent
409 2996 605 3059 propositionem
615 3008 693 3058 quam
705 2996 730 3046 S.
742 2995 835 3046 Paulus
850 2995 908 3047 lecit
920 2995 1097 3048 universalem.

98 3085 165 3134 Deus
176 3083 235 3136 cult
247 3097 330 3134 omnes
343 3083 453 3134 homines
468 3083 552 3132 solvor
566 3081 638 3144 fieri,
650 3086 687 3134 ait
697 3084 840 3147 Apostolus.

96 3151 169 3202 liulla
180 3155 220 3202 est
230 3153 258 3200 in
273 3153 405 3212 terminis,
422 3162 469 3202 nec
479 3152 507 3199 ln
517 3152 602 3200 mente
615 3153 742 3214 exceptio,
758 3157 787 3200 ut
801 3155 885 3202 visum
897 3158 934 3203 est
944 3154 1020 3218 snpra
1030 3166 1061 3203 ex
1073 3167 1127 3204 ser·

72 3225 148 3272 monis
159 3220 297 3286 Apostollei
309 3224 436 3270 contextu.

97 3290 187 3341 Contra
208 3290 276 3340 hone
289 3288 436 3356 Apostolicae
453 3291 628 3354 propositionis
648 3291 880 3341 universalitatem:

97 3358 161 3409 Dens
173 3359 231 3409 vult
247 3358 348 3408 tantum
361 3357 492 3407 salvandos
504 3359 608 3418 salvari,
621 3361 657 3408 ait
671 3362 750 3419 prima
763 3362 942 3422 interpretatio.

98 3425 162 3477 Deos
175 3427 233 3477 rult
246 3427 344 3488 aliquos
357 3424 460 3474 tantdm
474 3427 587 3474 exomni
599 3439 689 3487 genere
704 3426 838 3476 hominum
849 3427 952 3486 salvari,
967 3427 1003 3474 ait
1017 3426 1126 3475 secunda

73 3495 251 3558 interpretatio.

98 3563 162 3614 Dens
174 3563 233 3614 vult
249 3555 351 3614 tantum
366 3561 565 3625 quamplurimos
576 3561 682 3623 salvari,
693 3565 730 3611 sit
744 3565 818 3610 tertia
839 3563 1019 3623 interpretatio.

98 3631 160 3682 Ecce
168 3634 296 3682 maximas
307 3633 465 3692 exceptiones
475 3642 531 3692 quae
545 3632 566 3679 si
578 3631 682 3680 ommino
690 3629 775 3679 locum
784 3629 908 3690 habeant,
917 3629 1027 3694 Apostoli
1040 3633 1123 3694 verbe,

72 3707 175 3752 montem
189 3707 216 3752 et
235 3713 342 3763 scopum
355 3701 481 3749 iinmeritd
500 3705 637 3749 coarctant.

98 3770 210 3820 &cundo
220 3807 227 3830 ,
239 3771 301 3830 quia
317 3767 356 3816 hac
373 3770 424 3815 tres
442 3767 679 3828 interpretationes(
695 3767 789 3816 seclusa
799 3767 848 3815 alid
860 3780 936 3829 qnam
950 3772 1024 3832 supra
1040 3775 1123 3834 tetigi-

75 3850 125 3888 mus
135 3839 142 3901 )
153 3850 206 3888 non
218 3836 296 3886 modo
306 3836 335 3884 li.
348 3827 418 3884 Pauli
430 3839 541 3882 mentem
553 3839 578 3883 et
589 3847 693 3896 scopum
707 3848 758 3883 non
769 3842 951 3896 assequuntur:
964 3840 1044 3889 seder
1058 3840 1122 3901 illis,

76 3914 155 3958 contra
171 3907 388 3971 expressissimam
400 3901 510 3966 Apostoli
522 3908 633 3952 mentem
644 3939 651 3962 ,
663 3908 807 3964 sequeretur
818 3916 869 3955 non
880 3918 932 3956 esse
944 3919 989 3972 pro
1007 3909 1122 3959 omnibus
