2670 4542
330 267 502 321 tutatrix
521 271 743 326 EXPOSITIO.
763 275 844 328 CAP.
864 276 903 329 ll.
1111 280 1145 334 sl

79 363 108 411 ut
129 357 182 426 qui
205 365 281 414 leuet
299 375 395 428 nunc,
419 369 526 430 teneat,
550 363 734 428 1111111111),
748 367 852 420 donece
869 369 952 420 melito
966 367 1085 431 tollatur,
1102 385 1147 422 sea

80 435 170 489 donec
190 437 228 490 de
238 437 334 491 medio
348 440 405 492 ttae,
550 438 697 483 amoveatur
711 435 738 484 hi
750 437 817 498 quod
828 437 924 488 detinet
937 451 969 488 ue
982 441 1076 489 venial.

107 637 169 697 Vel,
183 639 207 687 si
220 642 339 688 sumatur
350 641 447 701 passive
463 647 592 703 operatur,
603 644 630 692 in
642 640 691 692 illis
701 646 726 691 et
738 641 850 706 perillus
866 644 985 704 iniquitas
999 643 1147 708 Antichristl

78 705 210 756 stabilitur
221 711 247 756 et
260 710 398 770 peragitur.

107 777 209 826 Sensus
220 779 307 838 itaque
318 783 356 827 est
371 798 378 826 ι

107 845 252 964 bixmibqubh
262 859 310 896 suo
326 849 439 910 tempore
457 848 601 912 apparebit,
616 860 661 908 seu
680 849 850 906 revelabitur:
863 863 910 902 nee
922 853 976 902 sine
991 851 1066 902 cause
1078 851 1147 914 dial,

79 927 135 964 rece
185 917 249 965 itur.

106 984 166 1034 lans
187 986 259 1033 enim
276 986 315 1034 est
330 985 445 1046 mundo,
460 986 504 1036 sed
516 987 589 1048 paesi
607 985 748 1050 incognltlt‚
772 989 799 1038 ln
820 989 891 1048 11111,
906 985 1001 1038 scillcet
1020 985 1106 1049 liguris
1122 993 1148 1039 et

80 1053 298 1114 precursorlbus,
319 1055 345 1102 ln
363 1055 465 1104 Simone
479 1057 563 1116 linga,
584 1057 610 1104 in
627 1055 731 1105 Nicolac
743 1056 848 1119 allisque
861 1059 947 1121 impils
965 1062 991 1107 et
1008 1056 1147 1117 haereticis,

79 1124 218 1172 hominum
230 1121 422 1183 seductoribus,
435 1125 463 1172 11
474 1125 566 1185 quihus
581 1137 654 1172 suam
673 1125 833 1186 iniquitatem
848 1125 939 1176 arcane
957 1129 1091 1188 operatur,
1106 1125 1147 1174 vel

79 1193 103 1240 in
115 1193 214 1252 qulbus
228 1194 351 1254 iniquitas
363 1191 431 1242 illius
442 1195 525 1254 agitur
537 1189 682 1242 abscondite
693 1196 719 1242 et
730 1194 757 1241 ln
770 1195 899 1256 mysterio.

108 1261 290 1324 Apostolorum
303 1266 417 1323 tempore
428 1268 500 1312 erant
514 1264 586 1324 impii
603 1263 692 1323 magle
705 1260 799 1324 dediti,
810 1265 854 1325 qui
868 1265 934 1312 later
944 1261 1080 1324 baptizatos
1091 1264 1146 1313 cul-

79 1333 134 1378 tum
146 1329 294 1380 daemonum
310 1341 458 1392 promovere
469 1331 614 1390 satagebant
625 1365 633 1392 ,
644 1328 812 1391 Eccleslaepue
822 1330 975 1380 sacrificinm
986 1333 1089 1392 magicis
1099 1331 1147 1380 oh-

6 1385 7 1410 *
79 1399 218 1449 lationibus
233 1401 287 1448 suls
301 1397 476 1461 profanabant.
486 1399 515 1447 ln
529 1397 579 1448 illis
593 1399 736 1460 iniquitatis
746 1400 893 1461 musterium
904 1398 1047 1460 agebatne·

108 1469 193 1518 Erant
210 1469 323 1518 haeretici
339 1469 384 1530 qui
397 1466 526 1528 Evangelii
545 1470 678 1517 veritatem
696 1470 722 1516 et
739 1468 898 1517 sanctitatem
912 1469 965 1516 suis
979 1467 1104 1518 erroribus
1121 1471 1147 1516 ει

81 1539 190 1599 impuris
199 1537 312 1586 moribus
323 1535 501 1586 destruebants
512 1537 538 1584 ln
551 1536 601 1585 illls
614 1537 690 1585 etiam
701 1535 820 1598 agebatur
832 1536 974 1598 iniquitatis
987 1538 1144 1598 mysterium.

110 1606 161 1656 llos
171 1617 261 1655 omncs
272 1616 412 1666 eorumque
421 1603 531 1665 similes,
543 1604 613 1655 velut
621 1605 789 1655 Antichristos
802 1606 967 1654 intuebantur
978 1604 1098 1668 Apostoll.

110 1677 143 1726 Et
153 1675 198 1726 hle
211 1675 331 1738 loquendi
343 1675 433 1725 modus
444 1677 521 1724 etlam
536 1676 551 1725 t
564 1675 593 1724 b.
604 1676 701 1725 loanne
718 1677 859 1738 expressius
876 1677 983 1726 usitatus
995 1679 1032 1726 est
1041 1711 1048 1737 ‚
1057 1680 1145 1739 prime

82 1749 153 1810 epist.
165 1758 223 1809 cap.
235 1745 377 1802 terebinti,
393 1746 531 1794 coousimc
541 1745 606 1794 horo
618 1750 669 1802 εει,
682 1752 704 1794 ει
715 1747 779 1794 sieut
789 1747 896 1797 cucutia
906 1748 968 1808 quio
979 1747 1145 1795 Antichristus

80 1817 147 1865 uenit
152 1832 163 1876 ‚·
176 1827 242 1865 uuus
255 1813 404 1864 Antichrieti
422 1813 498 1864 multi
510 1813 572 1876 [acti
581 1820 656 1872 suut,
666 1814 763 1863 scilicet
773 1814 946 1864 haereslarehae
956 1813 1067 1865 Gnostici
1078 1851 1085 1874 ,
1099 1815 1143 1863 ht-

83 1884 193 1946 1111111,
209 1887 259 1934 eta.

111 1962 150 2010 22.
166 1961 228 2019 Quis
241 1965 276 2010 εει
289 1960 414 2019 menduc,
425 1959 476 2010 uisi
488 1961 511 2010 ie
529 1962 575 2022 qui
587 1966 662 2022 hepot
677 1960 797 2022 euohiom
815 1962 887 2010 ierus
905 1967 940 2010 εει
955 1959 1085 2009 Gloriatur?
1103 1961 1143 2009 hic

83 2035 116 2078 εει
126 2031 294 2080 Antichristus
311 2031 356 2092 qui
364 2037 441 2091 nepot.
452 2031 555 2078 Patrem
569 2036 591 2078 ει
604 2031 709 2078 Filium.

111 2097 172 2160 Cap.
185 2101 254 2160 l‚n.
264 2103 289 2149 3.
302 2100 388 2149 Omuis
398 2097 504 2160 spiritus
515 2099 559 2158 qui
570 2097 645 2146 soluit
658 2099 761 2154 luunt,
778 2109 808 2146 eu
821 2098 871 2147 Deo
890 2111 940 2146 uon
957 2103 1006 2157 ert;
1021 2103 1044 2146 et
1055 2097 1095 2148 hie
1109 2105 1144 2146 εει

82 2167 264 2227 Antichristus,
280 2169 310 2216 de
321 2181 370 2229 quo
385 2167 494 2216 audistis
507 2167 628 2228 quostiam
639 2165 718 2222 uehit,
728 2170 750 2214 et
760 2177 826 2214 hune
834 2164 892 2226 jum
902 2165 930 2214 ic
944 2165 1037 2214 mundo
1051 2172 1093 2216 est.

110 2235 163 2286 iioc
177 2239 253 2286 etiarn
265 2239 347 2300 potest
359 2233 464 2298 intelligi
475 2233 507 2284 ele
523 2235 621 2284 Nerone
633 2238 659 2284 et
674 2233 732 2284 eliis
747 2235 832 2298 impiis
849 2235 1042 2298 imperatoribus
1052 2271 1060 2296 ,
1070 2237 1141 2296 turta

82 2305 245 2366 antiquorum
257 2307 411 2368 opinionem.

116 2373 176 2424 Nero
188 2376 259 2424 enim
272 2374 322 2424 lult
332 2377 408 2436 typus
418 2373 575 2424 Antichristl.

115 2443 147 2492 lle
168 2443 265 2493 Nerone
283 2446 370 2491 autem
388 2455 440 2491 non
460 2441 561 2492 locatus
577 2445 616 2491 est
637 2441 782 2504 Apostolus,
801 2444 893 2504 quippe
912 2443 955 2503 qui
978 2441 1024 2491 sub
1038 2441 1141 2493 Claudia

83 2511 149 2562 hanc
167 2511 300 2576 epistolam
321 2511 422 2574 scripsit
440 2515 499 2560 ante
513 2511 618 2562 Neronis
634 2511 779 2574 imperium.
795 2511 857 2562 Vide
875 2511 966 2562 Boron.
981 2523 1024 2562 an.
1042 2513 1141 2563 71111-

83 2582 162 2641 tium,
173 2581 225 2632 hic.
982 2638 985 2642 ,

114 2650 203 2701 bmnee
223 2654 309 2712 ltaque
328 2651 401 2714 impii
412 2685 420 2710 ,
431 2649 519 2712 magiae
535 2648 630 2711 1111111,
646 2651 690 2711 qui
705 2648 802 2701 cultum
820 2649 964 2700 lanionum
977 2653 1141 2712 promovent,

84 2724 141 2768 sunt
153 2720 313 2770 Antichristl.

113 2789 203 2840 brunes
217 2788 391 2840 haeresiarchas
410 2792 436 2838 et
449 2789 576 2851 heretici,
587 2789 632 2850 qui
645 2786 774 2849 Evangelii
787 2788 918 2837 veritatem
930 2785 971 2835 vel
983 2789 1142 2837 sanctitatem

86 2863 249 2922 corrumpunt
260 2860 314 2908 suls
325 2858 451 2908 erroribus
461 2893 468 2919 ‚
478 2856 519 2907 vel
528 2858 640 2907 moribus
658 2858 781 2920 impuris,
793 2860 853 2905 sunt
868 2855 1031 2916 antichristi,
1048 2855 1121 2906 idest
1134 2895 1141 2917 ,

85 2928 229 2978 antichristi
244 2928 435 2988 inchoationes,
447 2926 605 2985 rudimenta,
618 2926 720 2989 ligura,
737 2927 807 2988 typi,
819 2924 948 2988 symbola,
962 2935 1141 2989 precessores.

85 3000 125 3046 etsi
138 3009 182 3047 ore
195 2997 327 3048 Christum
338 2996 514 3046 confiteantur.

110 3067 179 3118 Sicut
186 3067 341 3117 Christasah
352 3069 425 3117 initio
434 3066 524 3116 mandi
531 3065 581 3115 luit
589 3067 617 3115 ln
629 3065 780 3117 Patriarchls
787 3064 975 3130 praefiguratus,
985 3065 1051 3116 unde
1061 3069 1140 3116 sancti

84 3133 234 3186 Patriarchae
246 3136 389 3186 rudimenta
400 3135 493 3185 Christi
505 3139 638 3185 vocantur.

109 3206 164 3268 Sic,
175 3207 208 3255 eb
219 3207 294 3255 initio
303 3205 420 3257 Ecclesiae
428 3204 597 3255 Antichristus
607 3203 700 3266 ligures
710 3217 770 3256 suas
780 3208 805 3255 et
815 3209 887 3270 typos
898 3205 973 3256 habet
985 3207 1013 3255 la
1024 3205 1141 3256 omnihus

82 3275 150 3324 malis
160 3313 167 3336 ,
179 3275 316 3326 homiuum
332 3275 514 3328 seductoribus.

110 3345 242 3408 incipiunt
262 3347 332 3394 enlm
351 3345 419 3407 quod
435 3344 478 3394 ille
499 3343 700 3404 consummabit,
711 3343 982 3396 sollicetdeieetionem
1000 3343 1014 3392 A
1030 3341 1079 3392 ilde
1097 3343 1141 3392 de-

81 3417 181 3464 struunt
189 3427 297 3476 regnum
306 3415 365 3475 bct,
378 3415 500 3464 inchoent
509 3451 515 3474 ,
525 3414 655 3465 stabiliunt
667 3418 691 3464 et
702 3419 851 3476 promovent
863 3428 969 3476 regnum
984 3413 1139 3464 Antichristl.

109 3483 173 3534 llinc
189 3483 262 3534 addit
277 3483 409 3546 Apostolus
423 3484 456 3534 ad
471 3483 585 3534 ssdelium
596 3483 722 3534 cautelam
734 3502 741 3532 1
758 3485 863 3534 Teuthra
877 3486 922 3546 qui
937 3487 1013 3538 tecet,
1024 3487 1109 3532 teueot.
1154 3513 1158 3520 ·

108 3551 192 3602 Alonet
204 3551 291 3602 ildeles
304 3557 331 3602 at
343 3552 419 3602 fidem
430 3553 536 3601 tirmiter
555 3555 675 3611 teneant,
692 3555 721 3600 ut
736 3553 783 3601 slhi
795 3557 901 3600 caveant
916 3550 948 3600 ab
960 3549 1078 3600 omnibus
1089 3553 1142 3600 istis

82 3619 255 3683 Antichristis,
268 3634 312 3671 seu
324 3658 332 3681 ,
343 3627 373 3672 ut
384 3624 420 3671 ait
430 3621 582 3681 Christum
600 3621 665 3683 lupls
684 3623 710 3670 in
730 3621 885 3670 vestimentis
898 3621 1000 3681 ovium,
1012 3622 1083 3682 qussi
1105 3621 1143 3670 hi-

81 3694 164 3740 terete
798 3715 802 3722 =

110 3758 233 3819 interim,
248 3759 290 3819 qui
300 3757 433 3831 §hristum
449 3761 474 3806 et
489 3757 565 3807 iidem
583 3755 732 3806 catholicam
747 3760 829 3814 tenet,
840 3755 945 3806 firmiter
955 3759 1055 3816 teneat,
1066 3759 1139 3806 douae

84 3827 110 3874 le
119 3829 202 3878 medio
214 3828 278 3890 sict,
291 3827 317 3875 id
331 3831 382 3887 est,
394 3827 425 3875 de
438 3827 521 3875 medio
530 3825 649 3876 Ecclesia
663 3830 751 3885 exeat,
768 3838 812 3875 seu
824 3831 952 3889 separetur
969 3827 1031 3877 illud
1044 3834 1138 3890 myste-

83 3897 146 3944 rium
161 3897 323 3958 iniquitatis,
335 3908 379 3946 seu
391 3896 469 3946 donec
484 3896 603 3957 iniquitas
611 3930 619 3955 ,
627 3907 683 3956 1111
694 3897 799 3958 mystica
814 3909 882 3948 nunc
894 3901 919 3948 et
930 3896 1027 3947 occulta
1038 3901 1089 3957 est,
1097 3896 1140 3944 hat

85 3965 190 4018 hubltca.
357 3965 364 3980 '
