2670 4542
304 243 478 331 rnlnnax
497 275 718 329 exrosrrro.
738 277 818 329 orn.
839 277 877 327 rr.
1013 328 1020 340 ,
1087 276 1122 326 ss

99 366 138 416 li.
162 365 217 418 llos
246 373 341 422 autern
368 368 501 421 debemus
555 367 682 430 Quantum
706 369 738 420 ad
760 368 955 430 nos,dehemus
974 367 1121 419 lieoconti-

71 444 158 506 gratias
170 459 253 510 agere
262 447 321 498 Deo
330 459 440 512 semper
449 459 500 511 pro
524 449 588 486 ranas
604 451 676 500 agere
687 440 778 499 gratias
790 451 835 500 pro
847 439 917 486 vohis
927 475 934 497 ,
945 436 1032 486 tratres
1045 437 1059 485 is
1072 435 1121 484 [leo

70 521 149 585 vobis,
163 521 264 576 fratres
284 523 377 578 dilecti
392 524 408 577 q
427 523 497 588 Deo,
522 503 623 564 dilecti.
639 508 699 569 qula
712 518 755 556 voe
772 507 896 569 primitias
910 504 943 554 ad
954 504 1061 554 salutem
1072 503 1123 553 ele·

93 695 134 746 Cui
149 701 178 747 nt
197 699 382 762 respondeam,
401 699 531 762 Propheta
547 699 631 753 verbis
651 702 709 750 ntor
725 716 732 748 e
746 697 858 762 Abpsme
874 699 994 760 abyssum
1007 701 1119 757 inuocat,

70 767 182 816 temeritas
193 769 364 817 temeritatem
378 769 490 818 attrehIt.

94 835 125 885 Ex
134 837 216 886 tribus
228 836 293 886 locis
308 836 375 886 maid
387 837 536 898 intellectis,
549 837 660 899 scilicet,
673 837 807 888 intellectis
821 837 961 888 seeunddm
972 838 1051 888 Grotii
1063 852 1121 888 sen-

70 915 179 965 sum,non
189 905 334 956 secundnm
343 906 446 957 Petrum
458 909 619 967 sententiam,
627 907 705 958 audet
714 908 797 958 dicere
804 907 905 958 Grotius
914 907 982 978 quod
990 907 1121 971 Apostolus

70 975 124 1022 cirea
136 974 228 1035 indicii
242 977 344 1038 tempus
359 979 480 1026 erraverit
495 981 520 1025 et
534 989 645 1025 errorem
659 976 783 1026 docuerit.

92 1043 149 1104 drgo
160 1044 256 1094 Paulum
268 1057 321 1094 non
336 1049 375 1095 est
389 1045 536 1108 praedieator
549 1046 676 1106 ueritatis,
688 1045 732 1094 sed
746 1043 870 1094 falsitatis.

91 1111 149 1174 Ergo
161 1112 236 1163 Pauli
248 1114 360 1176 epistole
369 1150 376 1174 ,
386 1113 474 1164 saltem
485 1115 533 1166 hic
549 1117 575 1164 in
588 1118 674 1179 parte,
685 1113 753 1164 ielsae
766 1117 826 1163 sunt
841 1118 866 1163 et
878 1125 997 1165 erronee.

91 1179 146 1242 Quis
158 1182 323 1233 Christianus
336 1183 385 1232 hoc
401 1183 452 1232 n'on
463 1183 588 1233 horreat?
643 1203 650 1214 ·

91 1250 136 1302 iioc
147 1256 237 1304 tamen
249 1253 334 1302 dicere
344 1265 396 1303 non
407 1256 508 1306 veretur
519 1247 637 1314 Grotius,
648 1255 674 1302 et
688 1265 719 1304 ex
730 1252 780 1304 hoe
794 1265 877 1304 errore
890 1253 940 1304 duo
955 1251 1015 1304 inlsa
1028 1251 1122 1316 colligit

69 1321 242 1373 eitemernria.

92 1389 194 1440 Tentdm
205 1393 276 1441 enirn
289 1391 361 1442 abest
370 1394 399 1442 ut
409 1391 457 1442 hoo
467 1394 583 1456 opinatus
595 1389 736 1450 sttPaulus,
747 1390 823 1451 idque
832 1388 946 1438 docuerit
957 1390 1024 1452 qnod
1033 1393 1121 1440 asserit

69 1455 171 1520 Grotius,
183 1459 313 1522 quinimo,
324 1462 383 1520 quia
396 1460 629 1512 Thessalonicenses
646 1461 764 1522 partimi
780 1457 993 1522 pseudoapostolis
1008 1459 1102 1522 decepti
1113 1497 1119 1520 ,

69 1530 172 1586 partimi
186 1531 357 1592 supposititiis
374 1529 444 1580 Pauli
456 1529 550 1582 litteris
563 1531 661 1590 territi,
681 1531 773 1591 partim
792 1529 868 1578 ctiam
886 1528 994 1591 aprima
1010 1527 1121 1598 eiusdem

69 1593 126 1646 Penii
139 1599 263 1660 epistolii,
283 1599 350 1648 maid
371 1596 514 1658 intellecti3
531 1601 607 1661 quie,
624 1601 743 1660 inquam,
756 1597 940 1658 turbabantur,
954 1602 979 1646 et
998 1600 1121 1650 timebant

69 1678 93 1713 ne
108 1668 213 1716 instaret
228 1667 283 1719 dies
298 1667 399 1720 Domini
417 1687 424 1716 ε
439 1668 495 1717 ideo
516 1667 607 1717 Paulus
621 1670 680 1717 iotis
694 1667 791 1717 viribus
805 1666 889 1716 studet
900 1665 970 1715 hunc
989 1667 1121 1717 Thessalo-

69 1737 198 1786 nicensium
213 1740 339 1788 terrorem
353 1749 469 1786 amovere
481 1774 487 1796 ,
500 1749 591 1797 eosque
604 1740 710 1797 rogutet
724 1735 887 1785 vehementer
899 1734 1015 1785 hortatur
1033 1741 1062 1786 ui
1075 1752 1121 1788 ne-

69 1805 120 1852 nini
131 1807 270 1867 cuiquam,
281 1807 335 1855 sire
346 1805 486 1868 prophete,
499 1807 552 1855 sive
563 1806 663 1867 spiritui
675 1802 779 1855 credunt
788 1840 795 1865 ,
804 1803 899 1852 dicenti
916 1805 1034 1865 quoniam
1045 1807 1121 1856 instet

69 1874 110 1922 dier
123 1876 236 1925 Domini.

92 1945 114 1994 Si
122 1958 179 2008 ergo
191 1947 223 1994 in
237 1945 339 2009 proprii
350 1946 457 2008 persono
471 1946 570 1997 locutus
581 1951 618 1996 est
630 1949 657 1996 in
669 1944 751 2009 primi
764 1943 810 1994 sud
822 1943 925 2007 epistola
940 1945 982 1994 ubl
995 1944 1026 1994 dc
1038 1958 1122 1994 resur·-

69 2017 179 2076 rectione,
197 2017 274 2078 quasi
291 2028 338 2065 auo
353 2019 465 2078 tempore
478 2015 563 2066 futura
576 2014 681 2075 fuisset,
696 2014 773 2074 hujus
784 2016 821 2063 ret
841 2015 964 2064 rationem
977 2013 1073 2064 reddidi
1094 2018 1120 2063 in

69 2085 224 2147 explicatione
234 2123 242 2146 ‚
253 2099 282 2138 n.
298 2088 345 2147 15,
357 2099 413 2148 cup.
423 2087 447 2134 t.
460 2085 569 2144 scilieet,
590 2089 619 2134 ut
629 2085 730 2134 doceret
745 2083 830 2133 tideles
841 2084 908 2134 diem
922 2084 1012 2144 iudicii
1023 2097 1121 2148 sempor
1145 2125 1148 2130 .

68 2160 205 2213 presentem
218 2155 329 2216 hahere,
341 2160 366 2204 et
379 2155 411 2204 ad
422 2153 495 2204 ilium
511 2167 565 2203 sese
578 2153 698 2204 continue
711 2164 860 2216 preparare.

92 2224 247 2276 Temeritatis
264 2237 338 2286 ergo,
358 2225 498 2286 etquidem
517 2225 653 2282 maxime,
669 2235 722 2272 non
739 2226 821 2285 potest
836 2224 949 2272 excusari
960 2222 1074 2283 Grotius,
1095 2225 1121 2273 id

67 2305 167 2345 asserens
188 2298 278 2345 eontra
299 2305 461 2347 communem
480 2296 626 2344 sanctorum
641 2292 745 2342 Petrum
761 2295 787 2341 et
799 2291 935 2344 Doctorum
953 2295 1119 2353 sententiam,

68 2361 132 2424 idque
144 2365 202 2414 sine
217 2362 392 2413 fundamento.

92 2431 134 2482 Sed
142 2436 275 2496 preterea,
285 2431 376 2482 salsum
389 2434 426 2482 est
439 2431 507 2494 qudd
517 2431 577 2482 Gaio
590 2430 707 2494 caligulae
716 2433 869 2482 conveniant
877 2430 1033 2492 quaePaulus
1043 2433 1121 2495 hujus

68 2503 145 2561 capitis
158 2501 291 2560 versibus,
300 2503 320 2551 .3
332 2505 357 2550 et
369 2499 392 2550 4ss
405 2499 477 2549 dicit.

91 2570 213 2632 Equidem
224 2571 301 2622 Gaius
312 2570 412 2620 adorari
424 2569 505 2619 voluit
521 2574 549 2620 ut
559 2570 641 2632 Dens3
657 2571 701 2622 sed
716 2583 768 2622 non
788 2569 837 2621 tuit
852 2570 970 2620 adoratus
989 2573 1120 2636 intemplo

67 2637 102 2689 liei
110 2661 117 2700 ;
134 2654 183 2692 nec
197 2640 269 2691 illins
282 2643 366 2691 statua
384 2639 434 2690 init
448 2641 476 2689 tn
490 2652 520 2688 eo
532 2640 650 2692 collocata
661 2661 668 2703 t
680 2654 728 2691 nee
747 2643 800 2704 ipse
818 2639 926 2690 aliorum
939 2642 1060 2703 deorum,
1076 2655 1120 2692 seu

67 2707 181 2762 idolorum
195 2709 301 2760 abstulit
315 2709 429 2770 cultum,
444 2711 473 2758 ut
488 2708 556 2760 solus
571 2709 726 2760 adoraretur.

90 2777 140 2829 Non
150 2779 241 2830 minis
254 2777 317 2830 ialsd
330 2779 431 2830 Grotius
444 2777 543 2830 Simoni
558 2778 628 2842 Mago
641 2779 742 2842 adaptat
758 2789 813 2840 qua
826 2778 920 2830 Paulus
935 2779 993 2840 hic,
1007 2793 1034 2829 n.
1046 2783 1074 2842 8,
1088 2785 1119 2842 9,

69 2849 104 2907 to,
116 2849 186 2900 dicit.

91 2917 124 2968 lix
135 2921 191 2982 ipso
203 2919 274 2970 enim
287 2918 364 2980 huius
376 2919 467 2982 capitis
475 2920 561 2979 textu,
576 2921 601 2968 et
612 2931 642 2970 er
652 2919 709 2970 aliis
719 2917 854 2984 Scripturoi
864 2918 926 2970 loeis
938 2921 1004 2982 patet
1015 2917 1082 2982 quod
1093 2922 1119 2969 in

67 2989 222 3050 novissimis,
244 3001 288 3040 seu
305 2989 402 3039 ultimis
417 2989 508 3038 mundi
525 2991 696 3052 temporibus,
708 2989 833 3040 ‘venturas
853 2993 886 3040 sit
901 2990 943 3040 illc
963 2990 1077 3041 seductor
1089 2991 1120 3040 de

66 3069 109 3116 quo
122 3057 166 3108 hic
182 3060 285 3120 agitem
297 3071 348 3108 non
360 3061 387 3108 in
398 3061 481 3121 primo
493 3058 611 3110 Ecclesiae
624 3061 730 3121 monio,
743 3063 768 3110 in
781 3073 831 3122 quo
846 3060 943 3112 Simon.
991 3088 997 3100 ·

91 3125 182 3177 Omitto
196 3125 247 3176 alia
263 3126 343 3177 multa
356 3139 412 3190 quse
423 3139 454 3176 err
465 3127 601 3189 scripturis
614 3132 675 3179 tune
687 3132 787 3179 evenire
799 3129 903 3192 dehent,
913 3130 943 3180 de
955 3132 1046 3192 quihus
1058 3130 1120 3181 Gor-

67 3193 140 3245 nelius
152 3196 168 3244 i
181 3195 277 3258 Lepide
290 3198 318 3246 in
331 3195 382 3245 fine
401 3195 585 3261 hujuscapitis
594 3233 601 3256 ,
611 3210 720 3258 quorum
732 3197 801 3248 nulla
813 3209 860 3248 nec
870 3198 1003 3262 Caligulae,
1015 3212 1062 3251 nec
1079 3202 1121 3251 Si·

66 3265 141 3314 monis
157 3263 223 3325 Tingi
246 3265 402 3327 temporibus
419 3266 579 3326 contigerunt
599 3283 605 3313 r
624 3269 648 3315 et
670 3279 726 3328 quse
745 3272 926 3329 consequenter
944 3272 1029 3319 omnia
1043 3271 1120 3318 simul

66 3335 153 3446 duncta,
161 3331 292 3383 Grotlanae
307 3333 434 3395 opinionis
445 3331 581 3384 falsitatem
592 3337 735 3397 cuicunque
749 3335 830 3398 ildeii,
840 3335 975 3400 Scripturts
988 3335 1118 3398 eredenti,

80 3402 244 3451 emonstrant.

92 3485 128 3534 12.
142 3484 194 3534 Nos
207 3488 293 3534 auton
310 3482 425 3533 debemus
438 3484 535 3546 pretias
546 3463 647 3546 opere..

90 3552 147 3602 Post
156 3553 212 3603 haec
224 3551 275 3602 duo
285 3553 353 3614 signa
365 3589 371 3612 ,
382 3553 413 3601 ah
425 3552 542 3616 Apostolo
557 3553 631 3613 data,
646 3567 701 3615 qnae
712 3554 803 3604 Christi
820 3553 956 3602 adventurn
969 3566 1118 3615 praecessura

65 3624 135 3682 sunt,
157 3624 276 3684 poterant
293 3619 526 3672 Thessalonicenses
547 3625 662 3672 convinei
683 3621 750 3683 qudd
775 3621 885 3670 nondum
909 3621 1012 3670 instaret
1035 3623 1117 3674 ultimi

64 3691 146 3773 indicti
167 3691 222 3740 dics
231 3709 240 3752 ς
253 3692 313 3752 qnia
329 3695 449 3741 neutrum
464 3695 564 3753 signum
583 3694 751 3754 apparuerat:
765 3689 886 3738 dehebant
910 3700 967 3750 ergo
983 3695 1118 3754 tranquillo

66 3772 147 3880 auggg
154 3761 315 3891 <marinis
328 3831 389 3878 sunt
404 3830 428 3878 et
441 3827 563 3878 horrenda
578 3841 633 3890 quae
650 3828 681 3877 de
699 3826 850 3876 Antichristo
868 3831 892 3876 et
905 3828 935 3877 de
955 3831 1117 3892 pereuntibus

67 3894 273 4024 dloiltllnguililgulus
285 3965 314 4012 ut
325 3962 555 4015 Thessalonicenses
569 3961 670 4022 soletur,
683 3965 706 4010 et
719 3963 825 4012 exomni
843 3966 913 4023 parte
924 3966 1020 4024 quietos
1030 3967 1116 4016 reddat
1146 3974 1149 3978 ·

194 4045 239 4088 111.
963 4039 977 4085 2
