2612 4542
173 258 227 310 458
341 256 526 311 SECUNDAE
546 257 750 312 EPI'S'TOLAE
769 259 818 310 Al)
837 257 1070 310 uiuorunuh

1136 399 1229 412 -...-.

512 496 654 572 ciroi
675 500 888 574 rhetitii.

377 657 564 698 Pfflt'fflssiss·
959 661 1068 700 TEXTUB·

93 779 96 784 '
172 789 240 894 Ne
256 778 356 828 mireris
369 777 436 838 quod
449 777 480 826 de
493 777 628 840 Hymenreo
639 779 665 824 et
675 774 771 826 Phileto
793 782 821 830 1.
894 797 926 836 ορ
944 788 1036 835 aurem
1054 782 1144 846 sciro,
1159 783 1232 850 qued
1296 725 1297 790 ἶ

224 845 296 895 dixit
317 849 411 896 etenim
422 847 577 896 sciasreiim
590 845 771 908 quodposthae
895 856 1233 912 innovissimisdiehusin.
1296 847 1297 914 ζ

172 915 199 964 in
214 913 301 964 diebus
319 915 395 964 etiam
414 914 527 978 proxime
549 915 643 965 futuris
658 918 770 976 tempora
791 935 905 989 ¹stabunt
919 941 1042 1002 tempora
1059 936 1231 1001 periculosa.
1296 967 1297 976 ,

172 983 407 1034 eruntedaalutem
418 984 632 1049 periculisplena.
1161 1044 1168 1057 ⁶
1224 978 1231 992 ⁰
1296 977 1297 1044 i

202 1053 285 1102 Erunt
303 1054 371 1101 enim
394 1051 512 1100 homines
535 1056 575 1102 sai
600 1053 682 1105 coium
701 1065 771 1102 ama-
827 1049 854 1099 2.
876 1049 963 1099 Erunt
983 1044 1112 1096 homiues
1128 1058 1232 1112 seipsos
1296 1045 1297 1122 i

171 1117 769 1183 tores,arar1,iastn0s1‚superbi,blasphemi,
792 1129 934 1184 amantes,
948 1121 1059 1188 cupidi,
1081 1123 1164 1186 etati,
1186 1137 1244 1220 su·z
1296 1125 1297 1182 i

202 1290 263 1339 Cir.
275 1289 318 1339 iii.
337 1293 359 1340 t.
373 1291 426 1340 Hoc
444 1297 530 1342 actem
544 1293 635 1343 erite...

201 1359 244 1408 His
258 1361 283 1408 et
297 1359 459 1419 sequentihus
471 1360 554 1410 rerhis
574 1362 717 1411 continetur
734 1357 863 1424 prophetia
877 1355 928 1418 qut
945 1355 1019 1406 divus
1037 1353 1133 1404 Paulus
1149 1353 1229 1404 Timo-
1296 1353 1297 1420 i

169 1427 259 1477 theam
270 1431 295 1477 et
309 1425 385 1488 aiios,
403 1428 450 1477 suh
466 1431 520 1489 ejus
532 1431 651 1490 nomiae,
664 1427 939 1491 episcopoepraemonet
952 1423 1044 1483 simul,
1056 1428 1083 1473 et
1097 1425 1230 1486 praemunit

170 1495 203 1545 ad
220 1493 335 1544 vitandos
349 1499 374 1544 ct
389 1494 537 1546 refellendos
552 1497 729 1546 haereticorum
745 1506 857 1554 errores;
869 1493 941 1554 quasi
956 1491 1066 1542 diceret:

201 1563 236 1612 Ne
254 1564 352 1612 mireris
370 1574 426 1623 que
439 1563 470 1612 de
485 1563 620 1624 hymenaeo
636 1567 661 1612 et
672 1562 768 1612 Phileto
784 1561 873 1624 cupri,
884 1574 911 1610 n.
926 1565 968 1616 ti.
983 1559 1048 1619 dixi,
1060 1558 1132 1621 anea
1142 1559 1157 1610 a
1169 1564 1230 1611 reri-

170 1636 222 1682 tate
231 1631 386 1692 exciderint,
396 1631 506 1694 tectique
517 1645 632 1684 errorum
647 1633 776 1693 magistri,
787 1629 956 1692 quorumdam
966 1628 1042 1678 fldem
1054 1630 1228 1680 subverterint.

200 1700 300 1754 Etenim
311 1700 492 1760 cetratorum,
504 1705 577 1762 teque
592 1712 734 1763 praemoneo
743 1699 810 1761 qnod
821 1711 872 1748 noa
883 1697 954 1760 longe
965 1697 1057 1748 absunt
1066 1734 1073 1758 ,
1082 1697 1128 1748 sed
1139 1701 1228 1750 instant

169 1774 284 1830 tempora
296 1767 376 1828 dura,
390 1769 498 1828 acerba,
510 1769 622 1818 difficilia
631 1805 638 1829 ,
647 1767 767 1831 perieulis
778 1765 860 1828 plene.

204 1835 289 1898 Karpot
306 1838 428 1898 κάκιστοι,
444 1841 568 1900 pessima,
584 1839 620 1887 ait
640 1837 670 1886 it.
690 1837 898 1898 chrysostomusr
918 1834 1030 1896 scilicet,
1048 1837 1081 1886 ob
1103 1843 1226 1902 corruptos

168 1905 303 1956 hominurn
314 1916 413 1966 mores,
424 1917 482 1966 seu,
496 1909 557 1967 quia
568 1906 685 1955 homines
696 1907 771 1954 erunt
785 1903 862 1964 maii,
877 1907 1005 1967 corrupti,
1019 1908 1137 1968 pessimi,
1147 1907 1227 1970 quales

167 1977 196 2028 in
210 1975 372 2036 sequentibus
387 1975 574 2025 describuntur.

198 2042 245 2094 Per
262 2045 411 2094 novissimos
426 2043 479 2093 dies
497 2056 550 2093 uon
568 2041 745 2106 intelliguntur
759 2043 804 2094 hic
826 2042 916 2093 ultima
938 2042 1039 2092 tantum
1057 2045 1166 2106 mundi,
1186 2057 1225 2095 seu

168 2110 316 2162 Antichristi
338 2116 467 2174 tempora;
484 2112 528 2163 sed
548 2115 626 2163 etiam
654 2116 792 2175 instantia,
812 2111 925 2175 proxime
947 2116 972 2160 et
992 2113 1125 2163 Timotheo
1147 2114 1224 2164 adhuc

167 2181 268 2230 vivente
278 2180 378 2240 futura,
388 2183 416 2230 ut
427 2185 495 2244 patet
506 2194 537 2231 ex
548 2193 575 2230 n.
592 2183 622 2242 5,
634 2181 678 2230 nbi
691 2181 785 2232 dicltur
800 2183 841 2241 ei,
854 2185 877 2231 ct
893 2179 937 2230 hoc
952 2181 1045 2232 devitu

197 2248 289 2298 Totum
299 2250 384 2311 itaque
392 2252 493 2312 tempus
504 2250 519 2299 t
530 2250 630 2301 Christo
641 2263 721 2312 neque
731 2251 764 2300 ad
775 2250 854 2301 tinem
864 2250 968 2311 mundi,
981 2254 1019 2300 est
1029 2255 1133 2315 tempus
1144 2257 1224 2304 novis

167 2319 260 2366 simum
273 2317 364 2378 atarto
386 2317 449 2367 iilud
470 2318 561 2368 tonan.
575 2320 664 2381 primae
679 2321 704 2368 2.
725 2323 763 2369 18.
781 2319 885 2376 Filioit,
903 2318 968 2368 horo
982 2323 1123 2372 moissima
1140 2328 1188 2382 crt;
1201 2321 1222 2370 iri

165 2387 221 2445 eat,
233 2385 400 2435 novissimum
413 2390 513 2448 tempus
522 2423 530 2446 ‚
540 2385 632 2451 ultima
648 2389 708 2436 ctas
723 2387 828 2448 muad13
841 2388 993 2438 norissimus
1006 2388 1125 2440 Ecclesiae
1137 2395 1221 2450 status,

171 2453 260 2503 ultima
270 2453 311 2504 ier
325 2458 351 2502 ct
365 2453 466 2514 religio,
478 2456 520 2503 cui
534 2453 605 2503 nulia
616 2454 731 2505 succedet
743 2455 802 2505 alia.

195 2537 259 2585 λετ
269 2540 350 2586 eruat.
360 2534 403 2584 Gr.
415 2539 491 2584 erant
501 2537 583 2594 enim,
591 2536 677 2597 itaque
687 2541 726 2596 et,
737 2539 776 2586 est
788 2537 896 2589 causalia
909 2541 1071 2602 conerctio,
1083 2541 1220 2604 signiticans

165 2600 234 2652 idem
246 2615 276 2652 ac
291 2605 353 2665 quia
364 2623 373 2652 .·
384 2603 497 2652 Romana
511 2614 562 2654 non
573 2603 668 2654 hahent
678 2610 708 2654 et.

195 2678 228 2725 Et
238 2682 310 2726 eram
331 2676 442 2726 immines
454 2678 547 2740 scipsos
562 2684 683 2728 amantes.
699 2675 744 2727 Gr.
763 2677 802 2728 eui
818 2683 957 2740 amatores,
969 2681 994 2729 id
1008 2685 1062 2746 est,
1076 2682 1117 2734 sui
1128 2683 1220 2734 tanthm

163 2749 305 2805 amatores,
317 2747 354 2794 ait
367 2745 533 2808 Ambrosius,
547 2746 615 2796 idem
632 2759 662 2797 ac
680 2754 813 2810 quarentes
827 2763 882 2810 quae
896 2763 945 2798 raa
960 2757 1026 2805 aaut,

200 2812 325 2873 octaceoc,
335 2813 377 2864 iile
389 2818 481 2876 estqui
494 2828 521 2866 se
534 2816 617 2866 solum
628 2819 710 2877 amat,
726 2819 762 2866 ait
773 2817 982 2879 theophylactus.

195 2881 228 2930 Et
239 2881 293 2932 hec
305 2887 343 2931 est
354 2883 479 2934 malorum
491 2884 580 2943 radix,
592 2885 703 2946 seipsum
717 2885 800 2935 solum
811 2898 905 2935 amare.

195 2948 267 2998 Sicut
276 2961 307 2998 ex
317 2950 440 3065 charitate
450 2964 526 3002 omne
536 2953 650 3012 honum,
663 2954 700 3002 sic
716 2964 746 3003 ex
762 2954 901 3018 philautia,
916 2959 1000 3020 utpote
1014 2958 1133 3014 charituh'
1150 2973 1218 3027 oppo·

164 3017 225 3075 situ,
237 3027 313 3066 omne
323 3029 365 3066 rna
377 3029 429 3066 um.

192 3083 257 3132 Nam
265 3083 375 3133 charitas
381 3088 419 3133 est
428 3083 477 3134 iata
485 3121 492 3142 ,
500 3085 526 3136 id
536 3089 582 3148 est,
590 3098 644 3138 sese
653 3087 742 3140 dilatat
751 3094 776 3140 ct
783 3089 903 3142 diffundit
914 3095 941 3142 ln
949 3094 1030 3146 licum
1038 3101 1064 3148 et
1071 3104 1215 3162 proximum,

192 3151 319 3200 Phliauttu
336 3151 396 3202 vero
415 3152 576 3206 latitudinem
595 3159 650 3218 eius
664 3161 690 3208 iu
702 3163 803 3210 arctum
819 3164 969 3225 constringit
986 3169 1011 3214 ct
1028 3167 1055 3216 in
1070 3181 1151 3218 unum
1166 3172 1216 3218 tan·

163 3219 294 3270 tummodo
305 3221 432 3271 contrahit
440 3222 552 3283 ,scilicet
560 3227 587 3274 in
599 3229 719 3290 seipsum.
732 3228 933 3293 TheophyIaetus
943 3237 999 3294 post
1007 3234 1214 3298 chrysostomum.

197 3289 323 3350 ‹itiam-os,
336 3294 374 3339 est
386 3293 457 3352 quasi
471 3292 511 3343 sui
522 3293 666 3358 idololatra,
678 3299 765 3348 omnia
778 3299 811 3348 ad
821 3311 848 3349 se
857 3299 946 3362 refert,
958 3308 1060 3366 propter
1070 3317 1096 3355 se
1108 3305 1179 3367 iacit,
1188 3306 1214 3356 ari

161 3371 202 3418 re,
217 3359 289 3421 quasi
305 3358 424 3409 ultimum
439 3360 533 3422 tinem,
549 3365 658 3416 ordinat.
677 3366 742 3417 iiinc
763 3369 846 3417 omnis
861 3369 1022 3424 inordinatio..

195 3434 294 3496 Gepidi.
307 3432 350 3482 Gr.
369 3437 483 3497 pecuuiae
495 3441 636 3499 amatores,
650 3441 742 3500 idest,
757 3443 837 3492 arari.
924 3457 929 3476 ⁸
1171 3494 1174 3500 .

192 3500 325 3562 Postquam
342 3503 451 3554 redicem
470 3505 549 3567 dixit,
564 3507 640 3558 inient
655 3511 786 3570 speciatim
802 3510 834 3559 ah
850 3521 879 3563 ea
899 3515 986 3562 enatos
999 3527 1096 3577 ramos,
1114 3526 1211 3580 quorum

162 3571 259 3632 primus
270 3573 295 3620 et
309 3574 434 3622 maximus
452 3577 489 3622 est
502 3577 616 3625 auaritia.
629 3577 837 3640 TheophyIactus.

88 3665 93 3676 ·
191 3635 228 3685 Ab
237 3649 323 3686 amore
333 3639 372 3687 sut
387 3643 469 3689 oritur
479 3653 550 3692 amor
560 3642 719 3706 divitiarum,
731 3650 852 3708 tanquam
861 3648 938 3699 medii
947 3653 972 3700 et
981 3653 1211 3714 instrumenttgene·

133 3766 136 3771 Ι
162 3703 237 3764 ralis,
252 3717 302 3765 quo
318 3706 366 3754 sibi
386 3707 528 3758 satisfacere
545 3713 623 3771 possit
643 3724 713 3762 amor
728 3717 860 3777 proprias,
878 3721 1035 3782 terrenisque
1052 3720 1102 3771 frui
1115 3721 1208 3772 deliciis.

161 3770 312 3900 pambus
340 3775 503 3825 exterioribus
530 3777 603 3827 honis
624 3779 737 3832 abutitur
760 3783 891 3836 ausuum
916 3789 1078 3842 commodum
1096 3798 1209 3858 suamque

190 3912 274 3972 Elati,
288 3912 314 3964 id
329 3917 382 3976 eat,
395 3913 498 3970 fastuosi
511 3957 518 3979 ,
533 3921 687 3986 jactabundi.
