2670 4542
178 243 214 291 ιο
375 241 508 294 aarum
526 227 730 292 nersroum
749 237 798 288 nn
817 233 1048 288 uiuorucurr

177 332 209 382 ad
221 333 374 384 coercendos
387 335 487 394 justos,
502 331 547 388 sed
561 329 657 393 exleges
669 333 694 380 et
705 329 779 380 ciirc-
801 344 859 384 non
871 328 1027 394 estposita,
1039 325 1089 378 sed
1099 321 1246 390 ιιιιιιιιιιοι

177 413 237 460 nos,
250 402 341 464 impios
355 405 381 452 et
395 400 548 462 flagitiosos,
561 398 669 450 neurim
682 402 707 448 et
718 409 778 460 pro-
801 421 858 462 non
879 405 1010 468 subditis
1028 401 1122 468 impiis
1133 407 1162 454 et
1179 413 1249 468 pee-

74 509 76 519 ,
177 470 249 518 tanos
256 468 614 531 ‚paricidasctmatrioidom
623 467 777 528 homicidas,
800 483 959 547 moribus
974 479 1115 535 sceleratis
1133 481 1248 530 ercon-

737 578 742 590 ‘
802 560 940 615 luminatis
942 552 1249 626 ,parricidisetmatri-

801 641 885 705 aidis,
896 637 1061 702 homicidis,

211 719 382 780 scortatores,
395 716 568 767 masculorum
585 714 777 774 concubitores,
835 721 881 770 ιο.
896 713 1084 776 ιιοιιιιοιιιιι,
1106 709 1249 764 masculo·

178 787 367 848 mancipiorum
381 784 462 845 iures,
481 783 631 842 mendaces,
649 785 675 830 et
695 784 779 844 pertu-
801 807 864 847 rum
884 789 1127 852 concubitoribus,
1140 786 1249 854 plagia-

178 998 227 1058 ipsi
240 996 321 1058 legem
334 996 528 1057 prevenerunt,
539 991 668 1056 legemque
685 994 774 1054 sponte
785 995 811 1042 et
822 1005 853 1044 ex
862 1004 964 1054 amore,
975 994 1034 1042 ante
1047 989 1129 1052 legem
1140 988 1228 1040 datam
1239 1027 1246 1050 ,

178 1061 357 1123 servaverunt}

210 1133 252 1182 Sic
266 1145 313 1181 nec
329 1143 418 1182 eorum
429 1129 506 1191 tiliis,
526 1132 548 1180 si
559 1132 622 1191 justi
641 1124 765 1190 inissent,
778 1132 954 1192 justitiamque
971 1140 1070 1191 semper
1085 1124 1247 1186 servassent,

179 1202 219 1253 lex
235 1203 292 1252 datu
309 1201 396 1250 luisset
407 1237 414 1260 ,
425 1202 512 1261 utpote
524 1212 576 1249 non
589 1201 738 1249 neccssaria.

212 1272 261 1322 Sed
276 1274 336 1334 quia
346 1269 408 1320 mali
420 1273 445 1319 ct
456 1272 545 1330 injusti
557 1273 704 1329 evaserunt,
716 1268 778 1320 hinc
791 1268 831 1318 lex
846 1271 883 1319 cis
894 1271 1033 1332 necessaria
1049 1264 1142 1316 iuitad
1155 1277 1199 1316 eos
1215 1265 1248 1314 ab

179 1343 322 1402 injustitia,
336 1353 470 1403 paenarum
482 1340 591 1400 timore,
604 1337 772 1398 coercendos,
789 1341 815 1388 et
833 1338 867 1388 ad
881 1350 940 1398 eos,
954 1339 1118 1400 premiorum
1138 1346 1200 1397 spe,
1214 1335 1248 1384 ad

177 1413 303 1472 justitiam
320 1409 475 1460 alliciendos.

210 1481 256 1529 llic
272 1479 396 1540 itaqueb.
406 1477 499 1528 Paulus
513 1481 582 1528 taxat
595 1476 777 1537 confunditque
787 1475 886 1526 Judaeos
895 1479 954 1537 qui,
967 1476 998 1526 ob
1010 1475 1090 1536 legem
1100 1475 1148 1524 sibi
1159 1473 1248 1524 datam

179 1549 359 1610 gloriabantur,
372 1547 403 1596 ob
414 1550 584 1607 quamtameu
593 1547 737 1596 erubescere
746 1547 826 1606 magis
836 1545 989 1606 debuissent
1001 1545 1061 1595 crim
1071 1544 1111 1594 lex
1120 1549 1249 1606 supponat

179 1623 205 1667 et
217 1622 306 1679 arguat
318 1628 407 1665 eorum
421 1617 550 1679 propriam
561 1618 587 1664 et
599 1618 701 1678 patrum
714 1626 818 1664 suorum
832 1615 966 1665 malitiam.

210 1687 235 1736 Si
248 1688 309 1748 justi
323 1685 430 1736 ruissent
440 1686 508 1734 elcut
520 1685 600 1733 sancti
611 1682 778 1745 patriarche,
789 1681 829 1732 lex
840 1685 875 1732 eis
888 1685 1029 1734 necessaria
1040 1695 1091 1732 non
1105 1683 1210 1743 inisset,
1223 1687 1248 1732 et

180 1758 363 1816 consequenter
375 1755 411 1802 eis
424 1752 482 1802 data
496 1765 547 1802 non
564 1752 660 1801 fulsset.

212 1823 314 1874 Extollit
324 1826 410 1872 autem
426 1822 581 1872 Christianos
591 1857 598 1882 ,
609 1832 653 1883 per
669 1820 795 1884 Baptisma
808 1820 976 1882 justificatos,
989 1821 1154 1881 insinuatque
1167 1821 1248 1883 legem

181 1898 218 1943 eis
236 1893 403 1943 necessariam
423 1903 475 1940 non
495 1902 566 1950 csse,
579 1893 664 1952 utpote
674 1891 719 1950 qul
730 1891 792 1949 justi
806 1893 881 1948 sunt,
895 1890 988 1954 quippe
1000 1901 1030 1938 er
1042 1900 1130 1938 umore
1141 1891 1248 1949 justitiae

179 1963 278 2011 iaciunt
293 1973 349 2022 quae
365 1959 405 2009 lex
423 1960 536 2022 praecipit
555 1959 646 2007 timore
661 1968 751 2020 poenae.

212 2032 277 2080 Sunt
289 2041 365 2092 supra
377 2029 466 2089 legem,
476 2041 528 2078 non
537 2027 584 2077 sub
592 2027 660 2089 lege,
671 2028 708 2075 alt
720 2025 749 2076 ii.
761 2025 968 2088 chrysostomum
978 2037 1053 2088 supra
1064 2025 1148 2086 legem
1157 2028 1249 2076 vivunt

181 2105 241 2162 quia
253 2103 349 2161 majora
361 2099 496 2162 perdciunt
511 2098 587 2160 quim
602 2100 654 2160 ipsa
668 2096 708 2146 len
723 2097 844 2159 precipit.
856 2094 933 2145 idem.

209 2168 320 2216 Medicus
336 2171 447 2228 egroto,
461 2179 512 2215 non
528 2167 627 2216 bomini
643 2178 704 2214 sano
724 2165 888 2214 necessarius.

210 2237 321 2292 Faenum
335 2247 399 2296 equo
413 2232 536 2284 indomito
548 2236 717 2284 necessarium
727 2271 735 2294 ,
745 2246 796 2282 non
809 2235 951 2282 mansueto.
962 2232 1040 2282 lituus
1051 2231 1250 2294 chrysostomus

180 2312 205 2355 et
218 2304 398 2354 Theodoretus.

212 2390 261 2440 Sed
280 2387 392 2450 injustis.
408 2388 452 2438 Gr.
473 2385 583 2446 ἀιὸιιοιι,
602 2386 744 2448 exlegibus,
764 2385 858 2446 idest,
874 2387 919 2448 qui
938 2385 985 2436 eibi
1004 2387 1068 2449 ipsi,
1082 2387 1250 2451 patrationis

180 2473 270 2518 usum,
285 2471 337 2506 non
355 2461 415 2508 sunt
431 2457 479 2506 lex.

210 2540 242 2588 Et
252 2552 302 2587 ooo
312 2537 427 2588 subditis.
440 2536 483 2587 Gr.
494 2533 676 2594 ἀνυποτάκτοις,
693 2537 830 2587 effrenibus
838 2574 846 2598 ,
855 2537 1078 2600 inobsequentibus
1087 2575 1095 2598 ,
1105 2539 1248 2600 iniugibus.

210 2607 248 2656 Ex
260 2607 335 2657 mulis
346 2607 459 2656 moribus
473 2610 539 2656 natm
550 2608 611 2654 sunt
622 2605 696 2658 bonu
710 2606 784 2669 leges.

210 2676 280 2724 Lex
274 2689 301 2724 ιιι
314 2675 397 2738 lapide
412 2675 464 2725 init-
474 2674 609 2738 insculpta,
618 2677 665 2724 ut
658 2689 685 2725 ιιι
695 2675 830 2726 ιιοιιιιιιιιιιι
842 2673 960 2726 cordibus
969 2675 1175 2738 insculperetur.
1187 2681 1249 2728 ante
1315 2697 1316 2704 .

158 2775 163 2794 .
180 2744 266 2794 oeulos
282 2757 370 2794 eorum
384 2745 433 2794 tuit
446 2746 573 2811 expositu,
586 2747 615 2792 ut
627 2745 655 2794 in
666 2743 795 2794 mentibus
808 2747 896 2793 eorum
908 2745 1105 2806 imprimeretur.

209 2813 345 2876 Nunquam
355 2817 442 2864 autem
451 2805 550 2876 sculpta
560 2812 667 2862 inisset
661 2827 688 2863 ιιι
700 2811 796 2875 lapide,
809 2814 833 2862 si
842 2825 975 2874 nunquam
988 2825 1018 2862 ex
1029 2811 1149 2864 cordibus
1160 2813 1250 2864 inisset

180 2883 316 2945 exsculpta.

181 2951 346 3067 dflttrgrquam
371 2950 451 3001 oculis
471 2951 598 3014 corporeis
618 2952 745 3014 expusIta,
761 2953 783 3001 si
809 2963 941 3013 nunquam
957 2952 985 2999 in
1007 2915 1138 3002 mentibus
1158 2952 1248 3003 luisset

198 3031 211 3066 e
221 3031 235 3068 e

134 3129 140 3140 .
211 3087 236 3136 Si
249 3086 281 3136 ad
292 3089 388 3136 rectam
398 3088 523 3136 rationem
533 3086 679 3149 ,legemque
690 3086 851 3138 naturalem
845 3101 871 3136 m
889 3086 1007 3136 cordibus
1025 3089 1078 3136 suis
1091 3087 1249 3153 insculptam

180 3158 309 3208 advertere
320 3156 458 3206 uoluissent
467 3194 475 3217 ,
485 3157 525 3206 lex
536 3158 572 3206 eis
585 3157 635 3207 alia
647 3171 779 3220 nunquam
794 3157 853 3206 daia
869 3157 965 3208 fuisset.

211 3230 243 3279 tt
262 3231 321 3291 quia
338 3227 462 3288 effrenes,
475 3229 573 3290 anuges
586 3227 690 3278 luerunt
701 3234 727 3279 et
736 3228 848 3290 exleges,
862 3227 919 3278 ideo
933 3227 973 3278 lex
988 3229 1024 3278 eis
1040 3227 1088 3278 luit
1111 3231 1248 3294 imposita,

180 3309 236 3359 quaa
247 3309 290 3346 eos
301 3299 434 3354 coerceret.

211 3381 318 3444 impiis,
331 3381 499 3430 reverentiam
515 3381 565 3430 lieo
577 3378 687 3430 debitam
698 3391 750 3429 non
762 3380 948 3441 prestantibus.

211 3463 244 3510 m
261 3463 437 3524 peccatoribus
448 3483 457 3512 .·
469 3465 505 3511 ita
517 3465 641 3511 vocantur
657 3463 685 3510 in
700 3461 830 3524 Scriptura
845 3462 954 3512 maxime
968 3463 1082 3524 flagitiosi
1097 3469 1125 3514 et
1138 3467 1248 3516 scelesti.

214 3543 345 3594 Scelerate
360 3549 383 3594 et
396 3543 587 3599 contaminatis,
599 3541 626 3592 id
644 3546 698 3600 est,
716 3541 817 3592 nefariis
837 3546 862 3592 et
878 3543 1005 3606 protasia,
1020 3545 1091 3594 saud
1105 3550 1203 3608 sacris,
1219 3548 1249 3595 ob

183 3611 340 3670 impuritates
354 3624 426 3672 suas,
442 3611 567 3661 arcendis.

215 3700 253 3746 iti.
266 3697 421 3762 Foroicuric'r
436 3686 514 3760 :erg'o
530 3696 662 3748 fornicatio
674 3702 814 3749 maximum
825 3702 851 3748 et
861 3699 966 3749 mortale
979 3706 1122 3762 peccatum.

214 3777 356 3840 Ptopicria'r
370 3799 379 3828 .-
392 3781 428 3829 sie
444 3779 523 3842 dieti,
543 3781 603 3841 quia
616 3778 668 3840 lege
685 3779 771 3830 Flauia
785 3779 970 3831 damnabantur
985 3782 1073 3844 plagis.

217 3854 265 3904 aiii
275 3860 360 3904 tamen
372 3859 408 3906 sic
419 3857 469 3906 dici
481 3858 569 3906 volunt
580 3859 594 3906 d
604 3868 666 3906 voce
675 3857 754 3918 greca
764 3856 857 3914 πλάγιος
865 3888 873 3917 ,
882 3859 908 3908 id
918 3862 963 3920 est,
972 3859 1088 3922 obliquus
1099 3865 1125 3910 et
1138 3861 1248 3922 dolosus,

189 3927 248 3988 optio
260 3925 316 3974 dolo
327 3930 352 3974 et
364 3926 460 3976 artibus
472 3927 578 3988 obliquis
591 3927 706 3977 homines
720 3927 786 3977 furto
798 3928 950 3980 subducunt.
