2670 4542
183 287 219 336 ‘20
280 293 285 306 ¹
330 283 489 337 SECUNDAE
509 279 682 335 EPISTOLAE
702 279 746 330 to
765 272 1099 330 thessalonicenses
1195 269 1201 276 '

183 389 239 438 pue
253 379 286 428 sit
302 391 378 428 causa
398 391 444 426 eur
462 376 558 436 tardet,
573 379 601 424 ut
621 385 731 436 congruo
744 377 783 424 ta-
804 373 897 437 scitis,
919 378 949 425 ut
974 370 1112 425 reveletur
1133 369 1163 421 in
1191 381 1243 420 suo

184 459 243 494 men
256 450 369 509 tempore
383 447 595 508 sitappariturus.
805 455 938 517 tempor-0,
1114 448 1118 455 ·
1207 457 1214 468 .

214 529 541 592 lllrl,appariturus;lam
559 529 627 576 enim
642 525 734 576 arcane
757 530 782 576 et
839 533 865 582 7.
890 531 957 581 llam
993 526 1155 593 mysterium
1185 521 1245 588 jam

183 597 319 659 figuraliter
334 600 386 660 agit
397 602 422 647 et
432 601 550 660 operatur
566 598 668 659 iniquus
683 595 726 646 ille
740 595 780 660 (in
803 612 934 676 operatur
948 602 1122 671 iniquitatis:
1137 596 1246 653 tantam

214 757 316 819 ltaque,
330 757 493 808 conformiter
510 756 543 806 ad
555 756 738 819 praecedentia,
755 755 887 806 dicendum
900 753 966 816 qudd
979 755 1000 803 st
1016 751 1134 802 discessio
1147 751 1162 798 a
1177 748 1244 807 lide,

183 838 227 874 seu
236 825 340 876 celebris
351 839 439 887 regum
449 826 463 875 a
472 825 520 875 llde
530 827 654 888 apostasia
665 825 739 876 debet
749 825 932 875 antichristum
945 821 1084 885 precedere
1092 858 1099 882 ‚
1108 825 1133 868 et
1143 821 1165 867 ei
1177 820 1246 866 viam

183 907 323 957 preparare
332 916 341 956 ;
351 896 503 960 dicendum,
518 897 622 956 inquam
631 932 638 955 ,
648 895 715 956 quod
726 893 788 944 lldes
798 893 919 944 catholiea
928 930 934 953 ,
944 891 1093 955 publicaque
1106 889 1175 938 iilius
1187 901 1247 950 pro·

183 963 272 1024 tassio,
285 977 373 1026 regum
384 970 409 1014 et
422 977 557 1026 regnorum
571 976 629 1025 erga
641 967 756 1014 sanctam
773 976 905 1014 romanam
917 963 1055 1012 Ecclesiam
1070 961 1210 1010 reverentia
1222 962 1247 1008 et

184 1033 332 1094 submissio,
344 1035 378 1084 stt
392 1032 550 1084 obstaculum
568 1034 636 1094 qudd
654 1032 840 1082 antichristum
850 1033 944 1083 detinet
958 1034 1062 1092 ejusque
1077 1029 1188 1078 retardat
1200 1029 1247 1078 ad·

182 1105 298 1152 ventum.

214 1169 334 1228 lleresis,
347 1183 391 1220 seu
410 1170 601 1234 particularium
613 1173 734 1232 apostasia
746 1171 799 1219 eth
815 1169 864 1220 tide
877 1169 1013 1228 discessio,
1025 1172 1062 1218 est
1076 1167 1207 1218 inchoatio
1223 1171 1247 1216 et

185 1241 308 1301 promotio
322 1237 481 1290 antichristi.

214 1306 341 1357 Generalis
352 1321 458 1370 regnum
468 1312 492 1357 et
502 1319 638 1370 regnorum
648 1308 767 1363 discessio
779 1313 805 1358 et
815 1309 952 1371 apostasia,
962 1308 1010 1356 erit
1017 1303 1165 1356 antichristi
1174 1306 1246 1366 quast

152 1421 158 1436 ,
183 1377 368 1425 consummatio
378 1378 494 1438 ,signum
507 1378 587 1438 ipsius
598 1376 723 1426 adventus
732 1379 838 1438 jamjam
851 1375 941 1426 futuri.

213 1445 280 1496 Sana
296 1447 380 1506 itaque
391 1447 583 1508 particularium
593 1444 655 1495 tides
665 1482 673 1507 ,
684 1445 821 1496 orthodoxa
830 1458 918 1506 regum
927 1443 1064 1508 proiesslo,
1076 1441 1180 1493 illorum
1190 1456 1248 1506 erga

184 1515 273 1564 Sedem
284 1514 447 1577 apostolicam
460 1517 600 1564 reverentia
613 1552 620 1574 ,
636 1515 793 1565 obstaculum
805 1520 843 1565 est
853 1514 1010 1565 antichristi.

215 1583 364 1644 Coniectura
379 1589 433 1644 est,
448 1585 586 1646 etquidem
601 1587 681 1635 textui
697 1584 833 1648 apostolico
844 1585 917 1635 valde
933 1585 1083 1644 conformis,
1094 1597 1147 1635 non
1161 1588 1247 1636 tamen

184 1652 274 1714 dogma
285 1653 342 1704 tidei
354 1691 361 1714 ,
373 1667 420 1704 neo
430 1658 497 1704 certa
508 1656 627 1715 cognitio.

214 1721 356 1784 Unicuique
368 1736 427 1771 curn
439 1722 496 1771 divo
508 1722 646 1784 Augustino
657 1722 700 1774 hic
713 1723 796 1772 dicere
806 1723 880 1774 licet:
890 1724 941 1785 Ego
952 1735 1055 1786 prorsus
1062 1721 1124 1782 quid
1139 1723 1247 1785 dixerit,

184 1790 263 1840 lateor
273 1805 314 1840 me
330 1795 455 1853 ignorare.

214 1859 266 1909 iloc
284 1859 442 1910 obstaculum
460 1859 608 1909 autichristi
631 1860 696 1910 heus
715 1860 796 1910 voluit
814 1859 1075 1911 Thessalonicensibus
1093 1859 1201 1911 revelari
1214 1861 1248 1922 ‚a
1326 1849 1327 1856 ’

184 1931 256 1980 nobis
269 1935 356 1980 autem
366 1930 447 1979 voluit
458 1932 577 1990 ignorari.

212 2000 350 2049 adoremus
362 2002 416 2060 ejus
427 1999 583 2048 voluntatem
595 2018 602 2058 ;
612 2003 680 2059 grato
693 1999 780 2048 animo
795 1998 917 2049 revelatas
927 1999 999 2048 uobis
1014 2000 1131 2050 veritates
1141 2001 1249 2066 recipia-

184 2081 243 2118 mus
253 2089 260 2128 ;
269 2068 361 2117 humili
373 2068 447 2117 corde
458 2067 617 2118 absconditas
626 2080 777 2117 veneremur
785 2105 793 2129 ,
802 2068 908 2119 libenter
918 2080 961 2118 eas
971 2069 1131 2130 ignoremus,
1141 2081 1191 2120 nec
1202 2083 1248 2119 cu-

184 2140 284 2200 piamus
299 2150 386 2199 sapere
399 2137 456 2198 plus
471 2138 547 2196 quam
559 2140 655 2199 oportet
668 2149 763 2199 sapere.

215 2207 281 2267 lloc,
291 2210 320 2255 ut
333 2208 451 2256 aitdivus
462 2207 585 2265 Thomas,
596 2217 648 2254 non
664 2211 702 2254 est
713 2205 821 2255 multum
833 2207 1001 2256 necessarium
1012 2205 1044 2255 ad
1057 2207 1201 2258 sciendum.

217 2281 246 2330 Ut
256 2280 430 2330 reoclcmrsao
442 2278 646 2340 temporaneae
654 2279 759 2328 revelari
767 2293 812 2329 suo
824 2282 902 2342 ipsius
915 2283 1027 2341 tempore
1037 2284 1122 2342 3quasi
1135 2283 1246 2333 diceret:

185 2349 277 2399 'lardat
289 2348 392 2410 quidem
405 2349 465 2409 quia
481 2348 608 2397 detinetur
616 2368 623 2408 ;
635 2347 679 2397 sed
697 2361 743 2398 suo
757 2355 782 2398 et
801 2361 912 2412 congruo
927 2353 1053 2411 tempore,
1065 2363 1109 2400 seu
1129 2353 1247 2412 tardids,
1326 2357 1327 2360 ’

185 2431 229 2467 sou
243 2416 317 2467 citids
326 2454 332 2478 ,
342 2419 427 2467 reniet
442 2419 467 2465 et
478 2417 616 2478 apparebit.

214 2504 239 2549 7.
253 2501 320 2550 Nom
329 2499 477 2562 mysterium
486 2497 544 2560 J'om
558 2509 678 2561 operator
689 2501 859 2560 iniquitatis...

213 2571 249 2618 Ne
264 2567 326 2631 quid
341 2568 414 2618 nobis
430 2567 463 2616 ad
479 2567 626 2620 antichristi
641 2571 808 2631 cognitionem
829 2571 906 2629 desit,
923 2582 955 2620 ne
973 2569 1037 2620 torte
1056 2571 1087 2621 ab
1103 2573 1158 2635 ipso
1179 2575 1249 2624 doct-

100 2624 104 2629 ’
183 2641 292 2702 piamus.

211 2724 372 2774 (insanorum
388 2737 535 2784 urrranaurs
552 2738 584 2774 ar
595 2735 713 2773 unsaris.
723 2722 806 2772 —llis
825 2725 908 2773 verbis
930 2737 975 2774 nos
995 2728 1081 2775 monet
1095 2727 1246 2788 Apostolus,

185 2796 251 2857 quod
264 2796 358 2859 impius
371 2793 414 2844 ille
426 2793 521 2858 duplici
541 2795 616 2844 modo
637 2797 669 2844 sit
686 2797 712 2842 et
724 2787 840 2857 operetur
854 2796 880 2843 in
896 2795 1009 2855 mundo;
1025 2794 1135 2854 scilicet,
1147 2797 1189 2846 vel
1205 2811 1248 2860 per

184 2868 309 2927 seipsum,
323 2868 349 2914 iu
361 2866 406 2914 sua
415 2865 516 2928 propria
527 2864 646 2926 personat,
658 2863 698 2912 vel
709 2876 873 2925 precursores
884 2877 956 2924 suos,
966 2868 991 2913 et
1005 2866 1032 2912 ln
1044 2866 1096 2912 suis
1110 2864 1210 2926 liguris.

213 2934 285 2982 Circa
300 2932 378 2981 tinem
396 2934 486 2982 mundi
500 2935 553 2996 ipse
565 2935 648 2982 veniet
659 2935 685 2982 iu
697 2933 797 2994 propria
809 2933 931 2993 persona,
945 2935 997 2994 ipse
1008 2931 1091 2996 palam
1101 2936 1235 2996 apparebit
1240 2957 1248 2998 i
1326 2991 1327 2998 ἵ

183 3003 266 3062 palam
279 3006 304 3050 ct
319 3002 420 3064 publlcd
432 3001 534 3052 seducet
544 3015 588 3066 per
599 3006 669 3065 signa
681 3006 706 3050 et
718 3003 830 3064 prodigia
840 3003 981 3051 mendacia.

214 3071 250 3120 ab
264 3072 338 3119 initio
350 3069 481 3130 Ecclesia,
496 3083 573 3132 usque
588 3072 618 3120 ad
631 3072 762 3134 publicum
774 3084 850 3120 suum
861 3071 1012 3130 adrentum,
1023 3071 1087 3120 clam
1097 3077 1123 3121 et
1138 3073 1249 3125 abscou-

184 3141 234 3189 ditd
250 3141 326 3202 serpit
345 3143 370 3188 et
381 3140 478 3202 obrepit
490 3143 517 3188 in
528 3143 581 3190 suis
596 3141 734 3200 similibus,
748 3144 773 3189 et
783 3144 856 3200 quasi
871 3141 1080 3203 praecursoribus,
1097 3143 1186 3206 impiis
1198 3146 1249 3195 sei-

185 3208 256 3269 licet,
268 3210 454 3270 heresiarchis,
471 3211 631 3272 iniquitatem
644 3210 785 3260 antichristi
803 3210 908 3260 subdolo
923 3215 948 3260 et
966 3211 1056 3261 arcane
1073 3215 1210 3272 agentibus
1224 3220 1249 3264 et

184 3280 397 3340 promoventibus.

214 3349 335 3410 iniquitas
350 3351 443 3412 quippe
457 3349 605 3399 Antichristi
619 3352 667 3398 erit
677 3360 821 3411 oppugnare
834 3348 913 3396 Deum
925 3352 949 3396 et
960 3347 1101 3398 Christum:
1111 3350 1175 3402 hinc
1187 3367 1216 3402 n.
1224 3355 1247 3403 t.

184 3418 228 3478 qui
242 3419 400 3468 odoeraotoe.
415 3417 457 3468 Gr.
470 3416 512 3468 ille
523 3420 669 3481 oppositus,
683 3430 727 3467 seu
743 3415 914 3476 adversarius,
926 3427 971 3465 seu
986 3418 1031 3478 qul
1044 3417 1094 3467 lieo
1108 3422 1134 3469 et
1144 3420 1248 3470 Christo

185 3489 212 3534 in
228 3487 345 3537 omnihus
359 3485 514 3536 adversatur.
1326 3541 1327 3554 ,

214 3552 265 3602 lloc
275 3557 360 3602 autern
372 3555 444 3615 impii
456 3556 481 3602 et
491 3553 601 3602 haretici
610 3553 706 3603 iaciunt
717 3553 749 3603 ab
765 3553 853 3611 lnltlo,
864 3565 923 3602 oum
935 3552 985 3602 hoo
999 3553 1162 3616 discrimine,
1177 3556 1247 3618 quod
1326 3563 1327 3584 ³

184 3619 352 3670 autichristus
367 3623 394 3670 id
409 3621 484 3671 iactet
499 3620 680 3683 puohca‚cunr
689 3624 826 3683 potestate,
842 3633 887 3682 per
897 3622 1021 3683 prodigia;
1032 3624 1105 3685 impii
1118 3630 1208 3675 autem
1222 3629 1245 3674 et
1326 3637 1327 3688 ι

184 3690 294 3739 haretici
310 3689 468 3751 abscondite,
482 3691 573 3740 arcane
590 3694 615 3739 et
632 3689 734 3739 subdole
743 3708 750 3750 3
760 3701 808 3738 nee
818 3691 887 3738 euim
900 3689 988 3739 volunt
1003 3691 1104 3740 uitales
1116 3695 1221 3754 agnosci
1238 3711 1244 3739 ι
1326 3691 1327 3756 3

184 3760 245 3808 hlnc
255 3756 356 3807 illorum
370 3759 488 3820 iniquitas
497 3765 601 3809 vocatur
615 3759 763 3822 mysterium
776 3759 934 3819 iniquitatis,
946 3772 990 3809 seu
1006 3762 1127 3821 iniquitas
1138 3773 1243 3812 arcana.
1326 3769 1327 3782 ³

215 3827 339 3876 liillcmut
354 3827 429 3886 igitur
445 3828 473 3875 in
491 3826 579 3886 modo;
596 3826 639 3875 sed
659 3829 718 3886 quia
737 3828 892 3876 conveniunt
911 3829 937 3875 in
956 3829 1243 3890 animo,seu‹1uiatlli
1326 3829 1327 3840 *

186 3898 273 3946 eodem
286 3909 315 3946 ae
326 3898 379 3957 ipse
391 3897 479 3957 spiritu
490 3901 568 3966 agunt
579 3899 602 3944 et
614 3899 722 3956 aguntur
731 3915 738 3954 ;
747 3895 808 3945 hlnc
816 3894 908 3945 dicitur
916 3897 983 3956 quod
992 3898 1020 3948 lu
1033 3897 1097 3958 illis,
1107 3901 1181 3959 quasi
1190 3900 1244 3950 suls

187 3968 267 4028 typis,
279 3968 437 4028 iniquitatem
449 3978 521 4014 suam
539 3973 665 4024 opacior,
679 3977 722 4014 seo
735 3965 786 4016 astt
796 3965 973 4016 autichristus.
