2670 4542
196 275 235 330 80
392 275 525 338 PRIHAE
543 275 750 332 uersuum
768 275 818 330 iu
835 273 1064 330 'iiiiouiittiii

228 367 301 432 Quod
317 379 348 420 eu
357 368 388 421 ii.
401 369 541 434 Augustino
552 375 578 421 et
592 384 624 421 ιι
641 371 774 422 communi
789 368 908 420 Ecclesiae
920 371 992 433 praxi
1010 371 1048 420 sic
1069 363 1268 429 intelligendum

166 461 169 468 ·
196 440 250 498 ιιι,
261 439 291 487 ut
301 436 433 500 pluralitus
442 451 549 490 morum
560 442 613 490 sive
625 441 755 498 antesise
765 441 821 502 post
833 438 991 504 Baptismum
999 440 1139 497 contracta,
1150 438 1185 486 sit
1194 447 1268 498 unu·

197 505 256 556 dam
271 505 442 568 irregularitas
452 518 523 557 sucro
536 507 678 558 ministerio
691 519 843 570 repugnans.
1251 505 1255 512 '

226 575 305 629 Aliter
318 581 396 629 sensit
406 579 437 630 ii.
448 578 627 643 Hieronymus,
638 581 682 642 qui
694 579 725 630 de
742 579 883 643 polygamit
893 581 951 642 post
960 576 1119 644 Baptismum
1132 580 1267 629 contrecta

195 647 319 700 intellexit
335 661 344 698 ι
363 660 416 698 uon
434 647 466 699 de
483 649 513 700 et
524 662 582 711 qus
598 653 659 700 ente
678 649 836 712 Baptismum
854 647 903 699 luit
914 651 978 700 inita
990 667 998 700 ι
1012 650 1091 711 quia,
1107 650 1208 712 iuquit,
1219 660 1268 710 per

195 717 451 781 Baptismunrumuia
464 717 591 770 delentur.
849 759 853 765 .

226 792 292 854 Sed,
304 796 335 843 ut
352 795 390 844 ιιι
405 792 436 844 ιι.
447 792 620 856 Augustinus,
632 792 677 844 irie
696 793 729 844 de
745 797 904 844 sacramento
919 795 1018 856 egitur,
1027 805 1081 844 uou
1096 792 1129 844 de
1139 795 1264 856 peccato:

194 868 327 926 peecatum
340 875 393 914 non
409 864 537 914 commisit
550 863 595 924 uui
616 865 723 913 ιιιιιιιι
742 873 851 912 uxorum
873 874 1012 912 numerum
1028 860 1199 923 singularem
1220 861 1265 910 scd

195 945 313 982 normam
327 931 465 995 quamdam
480 933 633 983 sacramenti
650 932 754 991 amisit,
775 943 828 980 uon
846 931 880 980 ud
893 933 953 980 situ
971 931 1045 980 boun
1061 932 1203 991 meritum,
1219 930 1265 979 sed

195 1001 229 1051 ud
242 1000 410 1051 ordinationis
425 997 601 1050 ecclesiastice
615 998 777 1062 signaculum
791 1000 963 1050 necessarium
976 1017 984 1048 s
996 997 1061 1050 libro
1073 996 1106 1048 de
1117 999 1187 1048 bono
1200 1011 1265 1048 cou-

195 1073 261 1132 ιιι,
275 1083 332 1133 cap.
347 1073 387 1120 re.

226 1144 304 1263 ιιιιιιι
317 1147 402 1206 itaque
415 1143 558 1209 Baptismus
573 1145 660 1196 omnia
676 1143 759 1196 deleat
778 1143 904 1204 crimina,
917 1155 971 1192 uon
982 1145 1069 1194 tumen
1080 1141 1151 1193 hauc
1163 1147 1265 1206 reparat

196 1215 279 1276 irregu
305 1214 416 1263 ritatem.
571 1230 575 1238 ⁴

226 1287 398 1350 irregularitas
419 1290 505 1338 eutem
522 1291 605 1352 potest
625 1289 722 1339 incurri
742 1289 799 1338 stne
812 1286 867 1336 ulio
884 1289 1004 1350 peccam,
1022 1297 1053 1336 ex
1069 1283 1123 1336 sold
1143 1283 1264 1336 Ecclestte

196 1357 369 1417 institutione,
381 1367 408 1406 r.
424 1355 549 1418 g.‚1udex
564 1357 609 1419 uui
628 1368 686 1407 reos
703 1358 786 1406 morte
804 1353 956 1416 mulctarit,
974 1355 1012 1404 est
1027 1353 1174 1416 irregularis
1187 1358 1213 1404 et
1231 1357 1264 1405 ad

196 1423 365 1477 sacerdotium
376 1424 506 1475 inhabili.
1286 1427 1287 1430 ’

225 1499 264 1550 itu
277 1503 302 1550 et
311 1498 442 1561 bigamus,
453 1500 508 1550 sire
521 1501 566 1562 qui
581 1499 645 1550 duas
658 1501 745 1564 nupsit
755 1510 862 1559 uxores,
875 1499 929 1549 eise
941 1498 986 1561 qui
996 1496 1109 1548 viduum.

225 1573 319 1633 Portu,
330 1573 391 1623 lieet
401 1573 415 1622 ι
427 1573 544 1635 coniugio
557 1573 634 1634 aliqui
646 1571 708 1622 olim
725 1572 758 1622 ad
772 1572 940 1622 sacerdotium
951 1574 1119 1635 vorarentur,
1129 1574 1262 1624 communi

195 1645 282 1694 turucu
293 1639 425 1702 ilcelesiae,
437 1653 481 1691 seu
494 1641 690 1701 cousuetudine,
705 1652 750 1690 seu
760 1639 814 1703 lege
823 1679 830 1703 ,
840 1644 897 1704 post
907 1641 1090 1692 ordinationem
1101 1642 1263 1693 abstinebant

195 1711 229 1762 ab
240 1722 287 1762 usu
302 1711 412 1829 coululgii
422 1746 429 1770 ‚
441 1711 473 1760 ob
483 1710 624 1772 angelicam
632 1712 770 1774 puritatem
779 1712 806 1762 iu
815 1712 943 1761 sacerdote
955 1713 1111 1774 requisitam,
1123 1714 1153 1762 ut
1162 1713 1261 1763 Christo

195 1780 264 1830 totus
278 1783 304 1828 et
319 1779 438 1830 liecestre
449 1781 530 1830 vacet.

226 1854 254 1904 id
266 1854 340 1906 docet
349 1854 379 1905 ii.
391 1853 484 1919 llpipir.
504 1854 595 1906 liures.
606 1855 646 1906 59.
658 1867 715 1918 que
732 1856 771 1906 est
780 1853 955 1908 catharorum.
967 1855 997 1906 ii.
1016 1853 1145 1919 chrysost.
1158 1857 1189 1907 ii.
1200 1857 1260 1908 iiie-

194 1935 308 1987 runym„
321 1923 367 1974 iiis.
383 1926 414 1985 ι,
430 1928 517 1974 contre
533 1923 706 1986 vigilantium.

226 1993 292 2044 cum
301 1993 396 2045 Grecis
405 1997 502 2053 umen,
512 1992 543 2042 ob
554 1995 773 2056 incontinentiam,
784 1991 913 2046 indultum
925 1995 973 2046 luit
984 1998 1010 2046 ιιι
1022 1993 1143 2046 Τιιιιιιιιι
1153 1995 1258 2060 syuodo,

196 2073 263 2112 anuo
279 2063 380 2114 circiter
391 2063 447 2119 itio.
461 2065 489 2112 ιιι
501 2062 639 2124 uxoriius,
651 2064 673 2112 si
690 2075 753 2125 quas
772 2067 832 2114 aute
849 2068 976 2128 susceptos
994 2065 1094 2116 ordines
1114 2065 1259 2128 duxissent,

196 2133 235 2182 uti
250 2135 362 2196 possent.

225 2201 258 2251 iit
270 2199 329 2250 licet
347 2203 381 2251 sit
391 2200 486 2252 ebusus
499 2206 587 2253 contra
599 2195 710 2253 cenon'es
719 2204 853 2266 antiquos,
864 2201 984 2253 inductus
999 2199 1122 2266 asynodo
1133 2217 1187 2256 uon
1196 2203 1257 2268 iegi-

194 2270 258 2388 gma
267 2273 475 2387 ,lngulcategnem
487 2272 548 2332 quia
560 2271 681 2332 inolitus,
696 2273 766 2335 pects
781 2271 858 2324 coust
874 2271 995 2323 toleretur
1011 2272 1046 2323 ao
1062 2267 1185 2326 Ecclesia.
1199 2271 1259 2326 iride

216 2349 295 2388 orne.
368 2340 392 2400 pi
411 2351 435 2388 ι.
553 2345 556 2352 ·

224 2406 360 2470 iiuppuam
369 2407 430 2458 sero
444 2409 596 2472 permissum
612 2410 662 2462 tuit
673 2411 788 2464 ordinato
799 2424 903 2464 uxorem
918 2413 951 2465 de
965 2426 1031 2466 noro
1047 2413 1151 2468 ducere.

226 2491 357 2542 sobrium.
370 2493 427 2556 syr.
445 2495 602 2556 vigilantem.
616 2498 646 2550 ii.
656 2498 850 2562 chrysostomus
860 2519 869 2552 ι
881 2502 994 2553 sobrium
1008 2505 1084 2564 utque
1094 2504 1256 2567 vigilantem

195 2571 255 2620 seu,
274 2564 304 2610 ut
321 2563 373 2622 ait,
394 2561 533 2614 clarissimi
554 2569 648 2617 mentis
666 2569 720 2618 urie
735 2569 885 2630 preditum,
905 2573 1102 2632 innumerosque
1121 2573 1257 2624 habentem

194 2631 267 2680 omui
282 2641 312 2682 ex
328 2635 400 2694 parte
417 2632 504 2683 oculos
523 2634 616 2696 qulbus
633 2637 777 2688 acutissime
793 2640 879 2688 omuie
898 2641 1042 2702 prospiciat.
1054 2640 1256 2704 Chrysostomus.

193 2699 320 2761 Acutum,
332 2702 660 2767 perspicacem‚soiertem,
677 2718 776 2769 semper
793 2707 1001 2770 expergefactum.
1014 2709 1226 2776 Theuphylactus.

222 2771 319 2821 Nomen
332 2783 457 2834 grecum,
477 2773 595 2836 νηιαιιον,
611 2773 738 2838 siguificat
748 2779 775 2826 ct
785 2778 898 2828 sobrium
909 2780 934 2828 et
946 2778 1101 2841 uigilantem.

222 2839 316 2890 iteruri
327 2839 449 2892 sobrietas
463 2845 500 2892 est
511 2842 647 2904 vigilantis
658 2849 749 2895 meter.

222 2906 288 2968 vigil
298 2920 351 2957 esse
362 2906 435 2959 dehet
447 2911 531 2959 omnis
542 2913 686 2974 inspectum
697 2916 722 2961 et
739 2912 810 2964 tautd
821 2903 978 2978 vigilantior,
993 2917 1088 2980 quanto
1102 2924 1255 2984 pretiosioris

192 2977 230 3026 rei
242 2977 369 3038 inspector
378 2981 416 3026 est
426 2980 452 3026 ιι
462 2982 557 3029 custos.

222 3042 321 3104 Quanti
332 3055 390 3106 ergo
402 3045 533 3106 vigilantii
545 3048 638 3112 poliere
649 3050 722 3104 debet
732 3055 832 3104 aeterne
849 3053 937 3105 salutis
947 3058 1094 3108 animarum
1111 3061 1252 3123 inspector!

194 3147 196 3152 .
223 3110 316 3162 Omnes
335 3111 398 3161 aiios
415 3113 493 3164 duces
510 3119 634 3170 exercitiis
649 3123 677 3170 ιι
691 3124 832 3172 castrorum
846 3123 1015 3176 sollicitudine
1033 3131 1109 3190 atque
1130 3129 1254 3181 industrii

192 3180 395 3243 supercurrit).
411 3180 551 3243 chrysost·

222 3249 253 3300 lu
271 3247 374 3311 ipocri.
392 3249 525 3312 episcopus
546 3252 639 3304 dicitur
655 3257 776 3320 augelus,
794 3262 868 3323 quia.
885 3263 952 3314 sicut
970 3261 1088 3326 augelus,
1109 3263 1185 3317 debet
1202 3279 1252 3317 esse

191 3327 290 3380 semper
306 3315 380 3378 vigil,
392 3328 490 3378 semper
506 3319 538 3369 ad
553 3321 663 3374 odicium
676 3329 797 3377 attentus.

190 3385 359 3518 mtiguguetszm
375 3385 410 3436 ιιι
427 3385 506 3450 uigil,
518 3390 553 3438 ιιι
571 3391 671 3444 sobrius
689 3411 698 3444 ι
718 3396 763 3456 qui
782 3408 874 3460 parcus
886 3400 925 3448 est
942 3399 970 3448 iu
987 3396 1058 3460 clio,
1077 3402 1103 3450 et
1116 3401 1145 3452 in
1166 3415 1251 3454 somno

221 3541 382 3596 Prudentem.
394 3541 489 3606 spuet
499 3547 575 3600 drab.
591 3554 708 3612 castum,
720 3551 852 3616 pudicum.

221 3608 266 3659 Gr.
282 3612 404 3673 suppose,
418 3614 485 3679 quod
496 3615 619 3677 siguificat
631 3624 777 3682 utrumque.
834 3635 836 3642 ’

222 3675 286 3729 illue
297 3685 382 3732 noster
395 3687 518 3746 interpres
529 3687 555 3733 et
567 3687 718 3747 prudentem
728 3692 813 3752 posuit
823 3693 849 3741 ιι
858 3692 992 3756 pudicum,
1002 3697 1039 3746 uit
1049 3696 1183 3761 (lemnus.

221 3744 268 3794 Ars
283 3748 395 3828 unitim,
419 3753 526 3802 scientie
545 3754 709 3805 scientiarum
724 3757 789 3808 mliii
810 3771 864 3810 esse
882 3761 983 3812 videtur
1000 3763 1134 3816 hominem
1152 3779 1248 3832 regare,

189 3811 285 3864 animai
299 3815 393 3868 scilicet
401 3821 518 3870 omnium
529 3823 639 3872 maxime
652 3826 752 3876 verium
763 3830 789 3876 et
799 3827 939 3892 multiplex.
947 3830 976 3881 ii.
987 3829 1091 3894 tiregcr.
1100 3835 1160 3886 Ner.
1174 3849 1214 3899 cp.
1228 3841 1249 3886 ι.

221 3877 319 3940 Quanta
332 3889 423 3946 ergoet
434 3886 510 3947 quam
521 3889 590 3939 varie
599 3889 672 3941 debet
681 3903 735 3942 csse
745 3895 829 3944 omnis
837 3881 982 3950 sutrinorum
993 3902 1097 3952 rectoris
1106 3904 1247 3968 prudentia,

193 3951 218 4000 et
227 3951 364 4012 prasertim
377 3956 504 4019 episcopi,
515 3957 623 4012 suumn
638 3963 764 4014 rectorum
776 3967 880 4020 rectoris
891 3969 898 4018 ι
