2612 4542
322 363 492 415 ininius
510 362 729 416 nxi’osiiio.
750 363 830 416 cii.
849 366 889 416 ii.
1086 367 1139 418 tue

112 461 137 512 ὅ.
156 461 233 512 Anus
245 457 371 512 similiter
379 459 407 511 in
420 459 516 513 babitu
568 455 672 506 Humano
689 455 805 507 simsslter
824 472 889 508 unus
903 459 932 510 ut
944 456 996 510 sini
1010 457 1136 510 inhabito

80 539 189 599 sancto,
212 548 271 588 120„
296 535 513 602 criminatrices,
537 527 697 586 suncto‚suu
706 525 807 575 externi
817 528 928 590 corporis
938 529 1135 592 compositione,

82 625 132 666 non
150 612 238 665 muno
259 611 325 666 vino
345 613 497 667 servientes
537 593 760 653 quaemnctltntem
776 593 902 655 redoleat3
914 608 967 644 nun
978 595 1138 646 sintccium-

83 683 146 742 bene
157 688 294 742 docentes
505 655 513 681 '
538 662 668 720 uictrices,
677 671 730 708 non
738 659 905 722 bbuces‚sed
916 667 982 714 rectu
992 666 1044 714 suis
1055 675 1138 714 crem·

295 725 303 740 ⁰
539 728 853 792 plisetverbisdocentes.

1063 841 1139 852 α...-

103 885 236 937 Patimur
253 889 281 938 in
292 888 416 941 charitate
433 895 458 942 et
473 905 533 943 cum
552 893 675 946 oburitute
695 893 763 946 citui
773 894 931 948 rolunintcm
946 897 1093 958 coctanus,
1104 898 1138 947 cd

81 951 152 1006 iteum
160 956 322 1007 anhelantes.

106 1024 241 1087 cupientes
252 1026 358 1076 dissolui
371 1033 393 1077 et
407 1041 457 1080 esse
470 1043 527 1080 cum
547 1031 653 1081 Christo.
666 1030 867 1095 Philippensium
880 1035 952 1084 mit

107 1097 168 1155 Quis
179 1109 219 1146 mc
235 1095 354 1146 liberabit
366 1099 397 1148 de
408 1112 512 1162 torpore
522 1103 612 1152 mortis
623 1101 720 1165 buius?
732 1101 840 1154 Roman.
848 1107 874 1155 ’1.
888 1106 928 1153 ti.

107 1165 323 1224 ouonudmodum
338 1167 462 1218 duiduct
470 1182 557 1220 wreus
566 1171 601 1220 od
613 1169 694 1233 soum
705 1183 850 1235 omnm,
865 1174 904 1224 ito
915 1172 1037 1226 doeiderut
1049 1175 1137 1225 ocimu

77 1245 130 1282 meo
145 1235 181 1282 ud
194 1239 233 1292 te,
244 1235 320 1283 Drus.
334 1234 398 1284 Psoi.
413 1238 453 1287 ti.
468 1240 495 1288 2.

104 1311 127 1358 t.
142 1311 214 1358 duos
226 1308 344 1359 similior
358 1311 387 1360 io
398 1310 489 1361 bobio
501 1318 586 1362 cuncto
586 1343 647 1373 ......
661 1313 688 1364 id
696 1318 748 1374 est,
965 1333 968 1341 ’

105 1375 194 1426 AEtutis
205 1380 331 1438 provectu
345 1382 474 1430 mutronus
486 1380 603 1430 similiter
621 1381 753 1434 exhortare
761 1418 769 1445 ‚
778 1386 808 1434 nt
820 1386 872 1434 sint
887 1384 915 1433 in
929 1383 1020 1434 babitu
1033 1393 1136 1444 emto,

76 1444 99 1489 iu
110 1451 279 1503 καταστήματι
290 1443 443 1508 ίῳοπριπιῖς.

108 1516 263 1573 iscaurino
279 1516 405 1578 significet
416 1529 470 1568 non
481 1521 631 1571 resumentu
643 1519 761 1581 tanton,
773 1520 818 1572 sed
830 1525 856 1572 et
866 1525 980 1584 gedum,
992 1524 1135 1582 incessum,

75 1595 226 1646 nuruumque
236 1585 348 1648 corporis
358 1589 576 1649 compositionem.

112 1637 266 1717 depauperet,
280 1653 367 1705 suncti
377 1654 504 1708 docontes.
518 1656 575 1720 spi.
593 1659 638 1720 qui
655 1657 728 1710 decet
738 1615 906 1710 reuerentiam
916 1658 978 1716 Dei.
996 1661 1069 1722 quusi
1079 1673 1135 1711 rer-

75 1727 161 1773 sentur
174 1724 201 1772 in
212 1721 308 1786 templo
323 1725 349 1772 et
359 1723 415 1774 loco
430 1737 510 1776 sucro.

104 1791 260 1843 christianus
273 1793 497 1854 inquinationis
510 1796 582 1844 utute
601 1797 711 1846 seniores
721 1794 830 1846 admone
848 1800 876 1846 nt
887 1793 1000 1858 amictu,
1016 1799 1134 1857 incessu,

74 1865 159 1925 gestu,
170 1864 298 1924 totiusque
311 1863 422 1927 corporis
433 1864 631 1926 compositione,
643 1866 784 1914 sanctitutis
794 1864 939 1917 christianus
953 1865 1074 1916 decorum
1084 1879 1137 1916 ser-

74 1943 143 1992 vent.
202 1949 208 1962 ·
462 1980 470 1990 .

106 2009 204 2059 sintin
220 2007 326 2071 babitu,
343 2020 388 2060 seu
408 2013 493 2070 statu,
503 2012 547 2072 qui
563 2011 758 2060 sanctimonium
773 2013 799 2060 et
811 2010 960 2062 modestiam
972 2009 1135 2062 christianum

73 2080 167 2141 ubique
178 2077 298 2128 redolent.

103 2149 143 2198 iic
158 2145 278 2196 modesto
290 2146 341 2196 sint
352 2146 444 2208 ubique
455 2182 463 2205 ,
474 2147 545 2208 quusi
557 2147 585 2196 in
602 2145 697 2209 templu
709 2147 842 2196 venentur
859 2148 885 2195 et
893 2156 980 2194 coram
994 2145 1055 2213 lieo

106 2215 180 2265 Eheu
190 2217 197 2264 i
209 2213 302 2264 Paulus
311 2215 353 2266 sui
361 2215 482 2278 temporis
493 2219 621 2266 matronis
634 2215 689 2266 vult
702 2214 797 2278 ubique
808 2215 845 2266 sie
861 2213 986 2264 modestus
999 2215 1070 2277 quusi
1082 2226 1136 2264 ver·

74 2289 160 2336 sentur
171 2286 199 2334 in
210 2283 318 2347 tempiui

106 2353 139 2404 iit
152 2352 241 2403 multu
260 2354 339 2402 nostri
353 2355 472 2416 temporis
489 2353 614 2416 dominc,
631 2365 679 2405 nec
698 2355 726 2404 in
742 2353 796 2417 ipso
808 2349 903 2415 templo
918 2351 1066 2404 modestiam
1084 2365 1136 2404 ser·

74 2427 150 2482 runt3
165 2421 248 2472 sedin
261 2421 370 2485 templo,
380 2423 451 2484 quasi
464 2423 492 2472 in
504 2423 617 2484 theatro,
631 2424 783 2476 rermnturi

102 2491 145 2540 Vn
156 2491 229 2540 nobis
242 2493 268 2539 et
279 2492 435 2553 temporibus
448 2493 557 2542 nostrisi

102 2559 151 2612 Ubi
163 2560 302 2610 christiana
312 2559 435 2610 modestia
449 2563 603 2623 reperietur,
615 2561 676 2611 cdm
687 2573 735 2611 nec
748 2562 775 2611 in
788 2559 890 2622 templis
908 2562 1020 2610 servetur
1030 2559 1062 2609 cb
1075 2561 1135 2622 ipsis

73 2629 225 2680 mulieribus
230 2648 238 2690 i
254 2628 306 2680 imd
320 2628 379 2679 curn
395 2628 488 2679 ibidem
501 2628 533 2678 ub
543 2632 656 2692 ipsismet
665 2628 765 2693 publici
776 2632 801 2679 et
817 2627 963 2678 scandalose
976 2627 1105 2677 violetur?

107 2714 166 2764 Non
181 2709 374 2772 criminatrices,
388 2711 421 2768 μὴ
432 2706 556 2761 insedibus.

94 2781 210 2852 ‚baemtm
224 2778 423 2829 antonomastice
437 2777 552 2828 diabolus
570 2790 615 2828 seu
629 2775 797 2827 calumniator
808 2776 920 2837 dicitur;
939 2779 996 2837 quin
1014 2775 1057 2826 bei
1070 2789 1135 2839 prn-

76 2853 192 2912 ceptum,
207 2849 289 2910 primo
300 2850 399 2911 parenti
410 2845 497 2896 isium
509 2881 516 2905 ,
530 2843 596 2895 mule
609 2847 802 2907 interpretatus,
814 2843 864 2893 beo
877 2846 924 2907 ipsi
936 2843 1091 2894 columniam
1100 2843 1136 2893 ie-

73 2921 126 2979 cit;
139 2918 239 2979 hecque
250 2916 375 2968 malitiosi
385 2914 513 2966 calumnii
525 2915 576 2963 beo
589 2913 674 2974 illuit,
684 2913 815 2964 bominum
827 2911 886 2962 iecit
899 2911 949 2960 beo
960 2911 1088 2962 rebellem.

103 2987 151 3048 Qui
169 2986 238 3036 banc
249 2985 371 3037 dumonis
381 2984 506 3035 malitium
518 2984 649 3034 imitentur
663 2985 688 3032 ct
698 2980 839 3032 calumnias
852 2981 1031 3042 disseminant,
1043 2979 1135 3032 diaboli

72 3059 207 3107 vocantur.
218 3053 279 3104 Vide
291 3056 315 3104 2.
325 3053 440 3104 Timotb.
452 3065 508 3114 cup.
525 3055 549 3112 3,
564 3065 590 3100 u.
605 3055 629 3102 ³.
1136 3083 1140 3097 .

106 3131 165 3180 tion
177 3128 257 3179 modo
269 3128 329 3180 uino
342 3129 487 3185 servientes,
497 3126 523 3176 id
536 3129 590 3186 est,
603 3137 654 3176 non
665 3125 779 3186 bibaces,
793 3135 838 3173 seu
852 3135 904 3174 non
915 3122 1053 3176 multibibae
1063 3161 1070 3184 ,
1082 3137 1136 3174 me*

73 3199 295 3318 rimamus
310 3263 424 3316 eumdem
438 3266 465 3313 in
475 3266 535 3327 potu
547 3261 706 3313 sobrictatem
715 3259 888 3320 commendat,
899 3270 976 3320 quam
987 3271 1015 3307 n.
1030 3261 1054 3317 2,
1066 3271 1136 3308 com-

73 3337 210 3420 mundavit⁸
220 3336 321 3420 senibus
332 3336 394 3384 viris
405 3351 412 3383 ε
423 3333 497 3382 luxus
514 3333 607 3396 quippe
627 3335 764 3391 utrimnque
781 3340 870 3378 sexum
887 3328 967 3378 Crctae
979 3328 1110 3375 vitiaverat
1127 3346 1132 3374 :

71 3413 307 3525 vegergibgsqtrumen
317 3508 324 3533 ,
334 3474 388 3523 sire
398 3473 474 3533 viris,
484 3473 536 3521 sive
547 3468 696 3520 mulieribus
709 3479 761 3517 non
772 3464 901 3516 interdicit
911 3465 999 3512 vinum
1009 3482 1017 3524 ;
1027 3461 1070 3512 sed
1081 3477 1134 3512 mo

73 3545 161 3596 dicum
174 3543 304 3603 concedit,
319 3541 350 3590 ob
362 3542 441 3591 aetutis
453 3538 643 3598 infirmium,
657 3538 724 3586 siunt
734 3536 823 3597 juveni
834 3531 965 3583 Timotheo
978 3530 1086 3580 infirmo.

103 3614 154 3664 Lac
164 3611 268 3673 quidem
281 3621 371 3659 senum
385 3611 436 3668 cst,
445 3607 490 3657 sed
504 3604 632 3657 moderate
642 3601 796 3654 sumendum
806 3637 813 3663 ,
822 3601 880 3663 quin
894 3598 1007 3648 modicus
1020 3609 1134 3649 excessus

73 3681 308 3801 phtisotluaeiheboilcutie
321 3745 437 3797 :bibaces
448 3746 509 3795 sunt
522 3745 576 3792 vini
586 3742 724 3804 mancipia.

102 3828 169 3876 Beue
182 3825 306 3880 meeum,
321 3820 348 3871 id
359 3824 410 3881 est,
423 3823 492 3869 rectu
503 3816 636 3876 docontes;
648 3814 716 3878 quod
730 3815 914 3876 textusgrucus
925 3809 977 3862 unt
991 3820 1053 3862 voce
1064 3824 1132 3863 corn-

72 3893 154 3959 positb
167 3893 286 3954 exprimit
295 3885 514 3946 καλοδιδασκαλους,
526 3887 691 3937 honestarum
706 3895 793 3933 rerum
807 3883 947 3946 magistras.

103 3960 179 4023 Quasi
195 3960 291 4009 diceret
301 3976 308 4007 ι
319 3957 404 4019 bonit,
416 3968 468 4007 nun
482 3959 508 4006 in
521 3953 743 4018 tcmp10,1uniuros
752 3951 835 4002 verbis
846 3955 871 4002 et
881 3949 1001 4018 exemplis
1011 3950 1131 4010 doceant,

74 4043 127 4080 non
138 4030 241 4089 inania,
253 4025 329 4077 uniiiu
336 4063 343 4089 ‚
353 4029 398 4077 nni
407 4027 508 4090 turpia;
522 4025 565 4074 sed
575 4025 640 4074 bonu
652 4027 678 4074 ct
688 4023 803 4074 honesto.
