2612 4542
287 283 457 338 antetuli
473 287 698 342 Expostulo.
717 289 798 343 cte.
817 290 840 344 1.
1040 291 1097 346 titt

52 485 1073 534 muunummommmmnnmmemmmomssua·turem

222 693 482 778 ANALYSIS
509 695 719 780 CAPlTIS
745 697 907 781 PRlMl.

497 917 648 936 tb--n—-q

518 1097 609 1141 tullio.

53 1199 187 1305 prenset
199 1249 228 1302 in
240 1247 311 1315 hac,
325 1248 396 1304 elcut
407 1249 437 1304 in
447 1249 537 1318 prima
549 1251 665 1320 epistola
676 1249 841 1309 salutatione
850 1255 979 1324 propria,
994 1263 1021 1312 et
1031 1257 1093 1311 ein·

53 1333 138 1399 gulari,
154 1347 238 1388 suum
250 1333 352 1386 Paulus
363 1345 428 1401 erga
440 1334 616 1389 Timotheum
628 1347 752 1388 amorem
761 1341 892 1403 testatur,
905 1338 985 1404 cuiue
1005 1339 1053 1392 diu
1065 1349 1090 1392 et

53 1422 120 1469 noctu
138 1416 302 1472 recordatur
321 1415 351 1469 in
372 1415 544 1471 orationihus
566 1418 641 1482 suis,
660 1430 801 1485 quemque
815 1419 909 1473 ridere
928 1419 1091 1476 desiderat:

52 1495 119 1564 idque
130 1513 229 1564 omne,
245 1499 281 1554 ob
299 1498 383 1552 tidem
401 1505 429 1554 et
439 1499 571 1568 pietatem
588 1499 661 1554 illius
679 1499 816 1555 sinceram
833 1507 861 1556 et
876 1502 902 1556 ei
914 1504 994 1570 quasi
1006 1503 1094 1558 haere-

55 1580 178 1650 ditariam,
192 1583 264 1652 Μ,
279 1584 313 1649 2,
327 1585 402 1648 Μ,
416 1585 443 1637 o.
805 1613 807 1620 ·

504 1709 627 1752 SECUNDO.

78 1815 197 1870 Hortatur
209 1815 385 1870 Timotheum
395 1815 432 1870 ud
442 1817 558 1884 gratiam
569 1817 599 1870 in
612 1817 786 1872 ordinatione
798 1816 851 1871 sibi
862 1817 957 1872 datam¹
965 1829 1092 1872 reaccen-

53 1894 165 1966 dendam,
179 1904 211 1952 ut
223 1899 395 1966 episcopalis*
405 1899 592 1966 tortitudinis,
606 1905 633 1953 et
645 1899 816 1965 dilectionis,
835 1905 862 1952 et
879 1900 1092 1968 aequanimitatis

53 1979 130 2044 spiritu
146 1981 310 2046 roboratus,
334 1996 392 2036 non
411 1981 556 2036 erubescat
577 1977 755 2050 Evangelium
774 1977 901 2036 Crucidxi
919 1981 1090 2048 praedicare3

52 2062 156 2124 quinimo
177 2065 228 2118 Dei
237 2062 335 2118 'fretus
353 2064 469 2130 auxilio,
484 2077 579 2118 secum
595 2070 624 2117 et
641 2063 767 2129 vincula,
782 2068 810 2116 et
825 2061 942 2117 adversa
954 2076 1090 2132 quaeque,

51 2145 134 2204 lulens-
146 2165 199 2220 pro
217 2150 367 2220 Evangelio
381 2150 515 2218 patiatur,
529 2150 557 2220 i.
570 2152 601 2217 6,
615 2152 648 2216 t,
662 2152 690 2204 8.

514 2287 620 2328 renuo.

75 2395 196 2451 Rationes
206 2395 286 2450 atteri
299 2397 326 2449 in
338 2399 426 2450 lteum
439 2395 543 2450 fidendi
555 2400 581 2451 et
596 2409 647 2463 pro
660 2409 694 2449 eo
706 2395 823 2451 libenter
835 2394 958 2465 patiendi
971 2414 978 2452 :
991 2411 1044 2452 nos
1055 2395 1091 2451 ab

52 2481 136 2532 aeterno
150 2480 260 2542 dilexit,
276 2492 384 2546 nosque
401 2479 430 2531 in
446 2484 572 2546 tempore
587 2477 701 2532 salvavit
714 2495 721 2532 ε
734 2483 838 2534 aeterna
854 2481 968 2548 quidem
985 2480 1046 2548 ejus
1062 2482 1092 2533 in

52 2563 202 2617 nordilectio
210 2563 259 2616 diu
267 2561 347 2616 latuit
353 2562 713 2628 ;at,nuncmaniiestataest
720 2563 1092 2630 perapparitionemltomini

52 2648 121 2699 rostri
130 2651 196 2702 lesu
207 2644 310 2701 christi
323 2647 350 2698 et
361 2657 413 2712 per
424 2643 496 2698 illiue
507 2645 647 2715 Evangelii
658 2644 900 2712 praedicationem,
914 2645 941 2715 i.
953 2647 985 2710 9,
998 2647 1044 2697 1ο.

505 2782 617 2830 octauo.

75 2891 153 2960 liuius
164 2893 269 2948 Divinae
283 2891 416 2945 bonitatis
433 2889 461 2942 in
474 2889 616 2956 homines,
627 2903 679 2958 ego
696 2886 797 2942 Paulus
815 2901 878 2942 sum
897 2901 1004 2956 preco,
1018 2887 1091 2956 Apo-

51 2973 127 3043 stolus,
134 2982 163 3032 et
173 2976 273 3031 doctor
281 2973 356 3041 apud
364 2975 467 3028 Gentes
477 2990 485 3027 z
495 2972 627 3040 equidem
634 2972 743 3027 vincula
754 2977 781 3026 et
787 2971 888 3040 probra
898 2971 951 3026 lrao
959 2972 995 3028 de
1006 2986 1091 3028 causa

50 3057 133 3126 ratior,
156 3059 206 3113 sed
226 3071 287 3111 non
306 3055 478 3124 contundam
495 3055 564 3124 quin
583 3054 703 3124 glorior,
720 3055 786 3123 quia
806 3055 863 3110 scio
883 3055 929 3110 cui
944 3056 1086 3120 commisi,

51 3143 334 3293 r.11¹3,e1[el.upraeffica’
349 3229 377 3278 et
387 3238 439 3291 pro
454 3223 602 3290 Evangelio
614 3223 671 3290 pati
683 3221 810 3292 gloriare.

75 3305 161 3366 Quoad
171 3307 341 3376 praedioandi
353 3307 488 3372 modum,
502 3305 611 3361 imitare
624 3301 734 3370 meum,
748 3305 833 3374 ,1.15.

74 3386 161 3447 Quoad
172 3390 308 3445 doctrinae
324 3387 507 3442 substantiam
519 3388 536 3442 a
549 3401 595 3442 me
612 3388 663 3442 tibi
674 3387 821 3452 traditam,
834 3385 944 3440 custodi
963 3390 993 3440 ut
1006 3386 1091 3451 depo·

51 3466 133 3540 situm,
148 3474 174 3544 y.
187 3478 233 3528 11,

516 3568 620 3623 oururo,

75 3675 146 3734 llolat
168 3680 307 3749 quosdam
336 3674 384 3748 qui
402 3676 419 3732 d
437 3691 467 3731 se
488 3677 662 3740 deiecerant,
682 3677 708 3744 i.
729 3677 773 3727 15.
798 3672 974 3726 commendat
998 3677 1091 3729 autem

50 3752 196 3898 ffssesrighori
209 3776 277 3832 erga
288 3772 319 3817 sa
332 3761 456 3816 vinctum
470 3759 646 3825 charitatem,
661 3759 743 3826 eique
757 3755 829 3810 bene
840 3760 986 3824 precatur,
1001 3757 1030 3827 γ.
1040 3759 1090 3823 16,

83 3877 90 3907 Ι
134 3882 141 3901 Ι
